1916 3132
744 141 839 186 AE
847 139 1127 187 YTEPON
1705 134 1775 187 43

77 279 309 348 ταυτηνὶ
346 275 451 347 τὴν
488 276 752 346 κειμένην
793 274 1072 344 εὕροιμεν.
1138 278 1231 328 καὶ
1269 272 1383 343 ἅμα
1423 274 1605 341 λέγων
1643 271 1774 327 ἀνέ-

6 418 10 421 ,
76 379 319 432 στρεφεν
369 359 457 415 ἐπ’
500 359 634 425 ὅφιν
671 362 774 431 τὴν
814 362 1096 430 κειμένην,
1147 358 1239 412 καὶ
1281 360 1440 426 ἰδών,
1490 363 1545 410 τί
1579 360 1773 421 τοῦτο;

75 445 407 515 ἀνέκραγεν,
460 439 506 500 ώ
568 447 831 514 δαίμονες
892 447 1206 512 τεράστιοι·
1274 446 1485 513 Θίσβης
1542 439 1575 512 ἡ
1635 441 1773 505 ὄψις.

74 530 254 601 ὑπέβη
308 531 370 584 δὲ
423 532 499 594 εἰς
544 530 823 599 τούπίσω,
874 531 967 583 καὶ
1006 527 1193 600 τρόμῳ
1232 529 1531 596 συσχεθεὶς
1569 526 1777 597 ἀχανὴς

25 637 47 670 5
78 613 335 684 εἱστήκει.

217 697 246 754 6
282 700 344 755 δὲ
386 701 668 769 Θεαγένης
705 703 952 768 ἔμπνους
993 700 1055 753 ἐκ
1093 698 1274 752 τῶνδε
1312 697 1643 767 γενόμενος,
1684 695 1776 750 καὶ
1806 697 1840 749 6

75 783 214 854 πρὸς
239 784 300 839 τὸ
331 783 521 839 εὔελπι
549 783 651 854 τὴν
677 784 908 854 γνώμην
940 783 1311 853 ἐπιστρέφων,
1352 780 1679 836 ἀνεκαλεῖτό
1717 800 1775 834 τε

75 873 501 939 λιποψυχοῦντα
527 868 627 923 τὸν
656 869 959 971 Κνήμωνα,
1000 869 1093 921 καὶ
1123 866 1274 936 παρὰ
1298 864 1405 935 τὴν
1431 869 1777 935 Χαρίκλειαν

75 953 152 1019 ὠς
178 949 261 1008 ὅτι
287 956 518 1024 τάχιστα
547 956 816 1024 ποδηγεῖν
854 953 1080 1009 ἱκέτευε.
1131 951 1336 1052 μικρὸν
1364 951 1469 1005 οὐν
1497 950 1801 1005 διαλιπώνΧ

6 1048 48 1102 '10
79 1042 156 1103 εἰς
190 1039 392 1094 ἑαυτόν
429 1060 487 1093 τε
523 1039 826 1108 γενόμενος
853 1036 882 1092 ὁ
913 1037 1160 1108 Κνήμων
1187 1035 1290 1106 τὴν
1317 1039 1582 1106 κειμένην
1609 1028 1779 1098 αὖθις

79 1125 458 1179 ἐπεσκοπεῖτο.
511 1123 547 1193 ἢ
584 1125 645 1176 δὲ
682 1124 755 1192 ἠν
794 1121 1022 1192 ἀληθῶς
1061 1121 1093 1191 ἡ
1137 1124 1342 1221 Θίσβη·
1387 1119 1480 1174 καὶ
1522 1123 1681 1221 ξίφος
1717 1140 1779 1173 τε

77 1212 319 1279 πλησίον
346 1207 701 1270 έκπεπτωκὸς
728 1206 1025 1276 ἐγνώριζεν
1052 1205 1160 1261 ἀπὸ
1187 1210 1283 1276 τῆς
1320 1208 1520 1275 λαβῆς,
1562 1201 1592 1258 ὃ
1625 1204 1777 1271 παρὰ

75 1291 176 1347 τὸν
214 1294 397 1362 φόνον
436 1291 465 1346 6
493 1295 711 1362 Θύαμις
745 1291 855 1345 ὑπὸ
880 1292 1141 1361 θορύβου
1167 1291 1260 1344 καὶ
1288 1292 1540 1359 σπουδῆς
1569 1291 1773 1343 ἐναπέ-

77 1381 203 1431 λιπε
241 1382 308 1447 τῇ
348 1381 558 1447 σφαγῇ,
599 1378 691 1430 καὶ
731 1375 928 1430 δέλτον
965 1375 1091 1429 τινὰ
1128 1379 1242 1428 τών
1281 1375 1532 1443 στέρνων
1567 1371 1681 1427 ὑπὸ
1707 1377 1775 1445 τῇ

8 1492 50 1526 15
79 1462 335 1532 μασχάλῃ
361 1461 802 1530 προκύπτουσαν
829 1459 1167 1530 ἀνελόμενος
1190 1459 1453 1527 ἐπειρᾶτό
1471 1480 1523 1512 τι
1543 1461 1656 1512 τών
1686 1460 1780 1527 ἑγ-

80 1548 484 1617 γεγραμμένων
511 1547 742 1601 ἐπιέναι.
786 1544 914 1599 ἀλλ’
936 1543 965 1598 6
987 1544 1269 1615 Θεαγένης
1291 1542 1394 1597 οὐκ
1413 1549 1498 1597 εἰά
1530 1548 1780 1612 λιπαρῶς

82 1632 425 1700 ἐγκείμενος,
466 1631 559 1684 καὶ
594 1630 697 1701 τὴν
734 1633 1013 1700 φιλτάτην
1049 1632 1230 1698 λέγων
1256 1629 1609 1697 κομιζοίμεθα
1638 1629 1772 1695 πρό-

79 1735 263 1786 τερον,
304 1717 355 1769 εἰ
389 1716 464 1785 μή
501 1737 583 1779 τις
621 1714 762 1785 ἡμᾶς
800 1718 976 1779 παίζει
1016 1713 1109 1767 καὶ
1148 1715 1279 1767 νυνὶ
1319 1715 1562 1783 δαίμων·
1603 1716 1779 1766 ταῦτα

79 1801 142 1853 δὲ
180 1799 394 1864 ἐξέσται
421 1799 515 1852 καὶ
539 1798 675 1868 μετά
702 1804 878 1853 ταῦτα
903 1798 1224 1868 γινώσκειν.
1282 1799 1538 1852 ἐπείθετο
1569 1796 1597 1851 ὁ
1628 1797 1779 1866 Κνή-

9 1915 52 1949 20
82 1903 230 1954 μων·
283 1883 376 1937 καὶ
423 1884 526 1954 τήν
564 1904 622 1937 τε
660 1886 859 1938 δέλτον
899 1884 1348 1953 ἐπικομιζόμενοι
1387 1884 1480 1936 καὶ
1519 1882 1580 1935 τὸ
1620 1883 1782 1952 ξίφος

81 1969 412 2039 ἀνελόμενοι
449 1968 600 2038 παρά
625 1968 728 2038 τὴν
756 1972 1098 2037 Χαρίκλειαν
1125 1968 1422 2021 ἔσπευδον.
1474 1965 1511 2036 ἢ
1537 1967 1598 2020 δὲ
1626 1970 1789 2036 χερσί

80 2073 139 2107 τε
164 2053 278 2123 ἅμα
304 2055 397 2107 καὶ
424 2056 593 2107 ποσὶν
621 2054 708 2107 ἐπὶ
735 2052 840 2123 τήν
865 2052 1049 2123 αὐγὴν
1075 2052 1460 2121 ἀνερπύσασα,
1491 2053 1778 2122 προσδρα-

80 2139 265 2209 μοῦσά
301 2157 361 2191 τε
397 2139 473 2208 τῷ
513 2140 805 2207 Θεαγένει,
841 2143 946 2203 τοῦ
983 2136 1538 2207 αὐχένοςέξήρτητο.
1618 2137 1709 2190 καὶ
1750 2132 1784 2205 ἢ

81 2222 186 2292 μὲν
222 2224 327 2292 ἔχω
364 2238 427 2277 σε
457 2225 759 2291 Θεάγενες;
801 2221 831 2275 ὃ
867 2223 928 2277 δὲ
955 2226 1046 2293 ζῇς
1071 2242 1165 2292 μοι
1193 2224 1526 2288 Χαρίκλεια;
1567 2222 1782 2275 πολλοί-

12 2337 57 2371 25
88 2328 174 2371 κις
200 2310 418 2376 ἔλεγον·
462 2306 555 2362 καὶ
582 2310 738 2371 τέλος
766 2310 843 2371 εἰς
869 2304 1156 2376 τοῦδαφος
1181 2305 1402 2378 ἀθρόον
1429 2307 1783 2375 καταφέρον-

84 2413 203 2461 ται,
247 2391 340 2445 καὶ
389 2397 605 2462 εἴχοντο
657 2390 936 2462 ἀλλήλων,
986 2390 1227 2445 ἄναυδοι
1272 2392 1378 2460 μὲν
1426 2389 1552 2444 ἀλλ’
1595 2390 1783 2458 ὥσπερ

83 2474 380 2551 ἡνωμένοι.
420 2477 513 2530 καὶ
538 2474 743 2546 μικρὸν
770 2479 883 2530 ἔδει
910 2476 1300 2545 ἀποθνήσκειν
1327 2474 1563 2538 αὐτούς·
1607 2473 1784 2536 οὕτως

0 2630 2 2634 .
86 2553 194 2630 ἄρα
242 2561 334 2615 καὶ
381 2560 444 2615 τὸ
494 2565 667 2629 χαρᾶς
705 2559 1066 2630 ὑπερβάλλον
1106 2563 1184 2624 εἰς
1222 2558 1485 2629 ἀλγεινὸν
1522 2559 1783 2627 περιέστη

89 2647 375 2714 πολλάκις,
405 2647 498 2699 καὶ
522 2649 618 2714 τῆς
643 2643 851 2715 ἡδονῆς
880 2645 941 2699 τὸ
963 2645 1208 2715 ἄμετρον
1232 2645 1578 2699 ἐπίσπαστον
1597 2643 1785 2709 λύπην

3 2757 59 2805 ι..30
91 2732 410 2799 ἐγέννησεν.
462 2727 535 2793 ὠς
561 2728 626 2798 δὴ
657 2728 908 2783 κάκεῖνοι
936 2728 1070 2797 παρ’
1101 2729 1301 2782 ἐλπίδα
1328 2730 1606 2789 σωθέντες
1634 2726 1782 2779 ἐκιν-

5 2851 8 2874 2
90 2815 355 2882 δύνευον,
395 2813 496 2877 ἕως
522 2811 551 2867 6
578 2814 827 2884 Κνήμων
865 2810 1108 2867 πίδακά]
1112 2834 1239 2867 τινα
1277 2804 1651 2881 διαμώμενοςζ
1693 2807 1785 2861 καὶ

88 2897 193 2968 τήν
221 2908 572 2967 συρρυεῖσαν
599 2899 739 2952 κατὰ
766 2896 950 2967 βραχύ
976 2898 1171 2951 νοτίδα
1198 2899 1413 2958 κοίλαις
1439 2903 1558 2956 ταῖς
1594 2892 1787 2961 χερσὶν
