1916 3132
124 131 195 184 54
782 137 828 182 Δ
837 135 1163 184 ΕΥΤΕΡΟΝ

129 268 240 324 σὺν
279 269 430 342 αὐτῷ
470 273 819 342 κατέθεντο),
861 275 1020 325 σίτου
1060 273 1118 326 δὲ
1155 275 1248 325 καὶ
1277 273 1608 342 ἐπιτηδείων
1641 271 1829 328 ἄλλων

124 354 259 410 οὐδὲ
300 354 476 424 ὄνομα
515 357 944 423 περιλέλειπται.
1023 358 1148 419 δέος
1185 358 1244 410 δὲ
1284 358 1676 428 διαφθαρῆναι
1722 359 1827 427 μὲν

125 445 567 510 καταμείναντας
618 445 759 511 λιμῷ
776 482 790 510 ,
841 442 1232 509 διαφθαρῆναι
1285 443 1346 495 δὲ
1397 443 1586 515 ἐφόδῳ
1632 447 1824 512 τινῶν,

123 523 246 593 ἤτοι
272 530 386 578 τῶν
415 527 692 579 ἐναντίων
732 530 905 578 πάλιν
933 525 1225 579 ἐλθόντων
1263 526 1297 595 ἢ
1336 527 1430 580 καὶ
1467 526 1537 597 νὴ
1565 530 1676 581 Δία
1710 532 1826 582 τῶν

126 608 234 662 σῦν
270 607 406 680 ἡμῖν
443 611 780 678 γεγονότων.
824 613 875 663 εἰ
908 610 1044 664 καθ’
1073 610 1134 663 ἔν
1161 631 1295 664 ποτε
1332 612 1695 680 συλλεγέντες
1733 610 1826 666 καὶ
1855 633 1875 665 5

122 695 266 749 τὸν
246 695 454 748 ἐνθάδε
480 695 777 764 θησαυρὸν
805 693 909 749 οὐκ
938 693 1281 763 ἀγνοοῦντες
1309 698 1608 750 ἐπέλθοιεν
1634 697 1727 750 διὰ
1757 694 1825 749 τὰ

122 780 387 849 χρήματα.
444 781 567 832 τότε
607 780 712 833 οὐκ
752 773 822 833 ἀν
862 779 1185 849 φθάνοιμεν
1226 774 1748 850 παραπολλύμενοι,
1787 777 1825 851 ἦ

121 874 240 928 ταῖς
266 863 465 934 ὕβρεσι
491 875 650 927 ταῖς
643 866 893 932 ἐκείνων,
934 862 995 918 τὸ
1026 867 1591 935 φιλανθρωπότερον,
1636 868 1823 920 ἐκκεί-

122 967 308 1018 μενοι·
350 947 531 1012 ἄλλως
558 969 615 1003 τε
642 949 750 1018 γάρ
791 948 1026 1002 ἄπιστον
1064 948 1125 1002 τὸ
1162 952 1460 1019 βουκόλων
1497 952 1689 1019 γένος,
1730 952 1824 1004 καὶ

121 1038 231 1085 νῦν
268 1035 460 1103 πλέον,
503 1032 594 1088 ὅτε
630 1039 733 1087 τοῦ
772 1038 1242 1098 καταστέλλοντος
1277 1035 1380 1104 τὴν
1415 1035 1647 1104 γνώμην
1685 1035 1825 1105 πρὸς
1856 1059 1894 1092 10

122 1115 185 1171 τὸ
224 1120 693 1188 σωφρονέστερον
731 1116 999 1187 ἄρχοντος
1039 1118 1388 1187 ἀμοιροῦσιν.
1457 1118 1826 1174 ἀπολειπτέον

122 1195 230 1256 οῦν
253 1201 388 1272 ἡμῖν
415 1203 507 1256 καὶ
535 1205 812 1271 φευκτέον
839 1200 911 1265 ὠς
937 1201 1295 1271 ἄρκυςὲτινάς
1321 1205 1412 1257 καὶ
1436 1206 1826 1274 δεσμωτήριον

119 1286 223 1356 τὴν
272 1290 479 1357 νῆσον,
528 1287 967 1357 ἀποπέμψαντας
1018 1289 1295 1357 πρότερον
1334 1289 1437 1342 τὸν
1477 1290 1822 1358 Θέρμουθιν,

121 1371 413 1441 πρόφασιν
451 1371 525 1434 ὣς
563 1373 917 1440 πευσόμενον
956 1371 1050 1425 καὶ
1089 1373 1733 1443 πολυπραγμονήσοντα,
1775 1378 1832 1428 εἴ

120 1477 172 1509 τι
199 1455 328 1526 περὶ
353 1459 458 1510 τοῦ
482 1459 767 1526 Θυάμιδος
796 1462 910 1526 ε”χοι
936 1458 1269 1526 μανθάνειν.
1323 1458 1465 1529 ῥᾷόν
1491 1478 1548 1511 τε
1575 1455 1686 1527 γὰρ
1726 1455 1820 1528 ἐφ’
1856 1483 1895 1515 15

121 1541 341 1596 εαυτῶν
379 1540 453 1594 ὀὲν
491 1553 801 1610 σκοποῖμεν
829 1543 921 1595 καὶ
951 1543 1300 1611 ἐγχειροιμεν
1325 1541 1392 1596 τά
1419 1543 1690 1609 πρακτέα·
1732 1541 1826 1596 καὶ

122 1625 307 1690 ἄλλως
343 1625 522 1693 ἄνδρα
551 1626 809 1680 ἐκποδων
835 1626 1179 1695 ποιήσασθαι
1198 1617 1579 1729 xakdvffipyo‘a
1604 1646 1663 1680 τε
1689 1624 1825 1694 ἀβέ-

120 1713 287 1779 βαιον
313 1712 406 1764 καὶ
434 1712 741 1780 λῃστρικὸν
768 1712 862 1764 καὶ
890 1713 1124 1781 δυ’σεριν
1151 1711 1212 1766 τὸ
1244 1705 1413 1782 ἦθος,
1454 1711 1595 1781 πρὸς
1631 1711 1693 1764 δὲ
1731 1709 1825 1764 καὶ

120 1792 366 1859 ὑποψίας
391 1815 442 1848 τι
470 1797 715 1864 φέροντα
745 1797 822 1858 εἰς
847 1793 991 1865 ἡμας
1016 1800 1111 1865 τῆς
1133 1798 1391 1866 Θίσβης
1370 1798 1554 1864 ένεκα,
1595 1794 1689 1849 καὶ
1717 1793 1823 1849 οὐκ

121 1875 192 1932 ἂν
220 1880 581 1947 παυσόμενον
605 1879 742 1948 εἰμὴ
773 1880 1250 1949 ἐπιβουλεύσειεν,
1286 1883 1336 1933 εί
1354 1881 1556 1950 καιροῦ
1572 1879 1817 1948 λάβοιτο.
1851 1902 1893 1938 20

49 1966 111 2017 18
239 1965 488 2034 ἐπῃνέθη
527 1969 720 2032 ταῦτα,
762 1965 855 2018 καὶ
882 1964 1061 2018 ἐδόκει
1088 1968 1372 2034 γίνεσθαι·
1416 1966 1507 2018 καὶ
1537 1961 1823 2033 ὁρμήσαν-

120 2069 210 2110 τες
240 2048 329 2102 ἐπὶ
357 2047 419 2101 τὸ
448 2050 681 2117 στόμιον
708 2054 808 2103 τοῦ
841 2054 1119 2119 σπηλαίου
1148 2051 1264 2118 (καὶ
1290 2051 1396 2119 γάρ
1423 2069 1475 2102 τι
1501 2050 1593 2102 καὶ
1620 2047 1824 2118 ἡμέρας

119 2131 227 2202 ἤδη
267 2135 558 2203 ξυνίεσαν)
588 2135 968 2203 διανέστησοὶν
1008 2154 1066 2187 τε
1104 2137 1206 2188 τὸν
1235 2134 1565 2203 Θέρμουθιν
1591 2130 1823 2201 ὁλοσχεε

122 2222 233 2287 ρῶς
259 2221 334 2289 τῷ
362 2216 521 2290 ὕπνῳ
549 2221 981 2289 κατεσχημένον,
1018 2218 1111 2272 καὶ
1139 2218 1244 2272 ὅσα
1273 2217 1419 2281 εἰκὸς
1446 2212 1517 2285 ἦν
1545 2220 1658 2270 τῶν
1683 2219 1822 2285 βουὸ

121 2302 447 2355 λευθέντων
487 2304 832 2373 φράσαντες,
879 2305 972 2358 καὶ
1012 2305 1217 2375 ῥαδίως
1256 2301 1614 2370 ὑπόκουφον’“
1639 2300 1824 2368 ἄνδρα
1852 2325 1902 2374 25,

121 2389 441 2453 πείσαντες,
483 2386 545 2439 τό
588 2408 645 2440 τε
673 2392 832 2457 σῶμα
858 2393 955 2458 τῆς
983 2391 1193 2456 Θίσβης
1220 2391 1297 2448 εἴς
1322 2407 1374 2439 τι
1401 2390 1595 2439 κοῖλον
1624 2386 1824 2439 ἐνθέν-

117 2460 228 2538 τες,
257 2468 349 2524 καὶ
375 2469 478 2539 τήν
505 2472 720 2540 τέφραν
746 2471 848 2542 τὴν
877 2473 939 2526 ἐκ
965 2478 1081 2526 τῶν
1109 2473 1335 2540 σκηνῶν
1362 2467 1466 2522 ὅσα
1492 2469 1599 2538 γῆν
1621 2469 1822 2538 ἐπιφο-

95 2571 100 2574 ·
124 2554 424 2624 ρήσαντες,
461 2555 552 2607 καὶ
580 2555 644 2608 τὰ
675 2557 913 2610 εἰωθότα
942 2554 1034 2610 διὰ
1060 2552 1163 2625 την
1191 2553 1354 2607 ὁσίαν
1382 2552 1437 2617 ἐξ
1465 2547 1548 2606 οἷν
1574 2552 1602 2606 ὁ
1632 2551 1824 2622 καιρὸς

124 2639 319 2692 ἐδίδου
366 2640 764 2707 πληρώσαντες
777 2681 791 2708 ,
842 2643 934 2695 καὶ
986 2641 1206 2708 δάκρυα
1254 2639 1346 2691 καὶ
1394 2636 1650 2706 θρήνους
1698 2635 1826 2690 ἀντὶ

121 2724 352 2776 πάντων
378 2726 492 2776 τῶν
531 2729 907 2793 νομιζομένων
949 2725 1324 2793 ἐναγίσαντες,
1367 2721 1678 2789 ἐξέπεμπον
1717 2717 1814 2789 ἐφ’
1846 2745 1896 2779 30·

121 2806 195 2875 ἣν
235 2807 387 2871 ἔδοξε
426 2806 642 2877 βουλὴν
680 2808 781 2862 τὸν
822 2811 1165 2878 Θέρμουθιν.
1226 2806 1259 2859 ὃ
1294 2807 1355 2859 δὲ
1393 2803 1575 2874 βραχύ
1614 2808 1821 2872 προελ-

113 2889 250 2944 θών
287 2889 599 2962 ἀνέστρεφέ
634 2913 711 2959 τε,
754 2895 847 2946 καὶ
878 2891 980 2946 οὐκ
1012 2888 1084 2946 ἂν
1111 2895 1218 2960 ἔφη
1251 2890 1421 2959 μόνος
1457 2890 1823 2958 πορεύεσθαι,

1385 3107 1435 3132 Α,
