1916 3132
182 76 251 128 32
883 81 1031 129 ΠΡΩ
1040 81 1182 129 ΤΟΝ

183 216 286 270 δύο
318 218 586 280 πολλάκις
621 219 825 270 ἔδοσαν
850 221 964 270 τῶν
1002 219 1080 281 εἰς
1114 221 1424 287 σωτηρίαν,
1461 218 1555 271 καὶ
1580 218 1743 294 τύχαι
1769 237 1877 273 πα-

185 303 385 372 ρέσχον
411 299 447 354 ὁὶ
471 306 705 371 βουλαῖς
732 300 1026 370 ἄνθρωποι
1050 305 1278 371 μυρίαις
1303 300 1406 355 οὐκ
1435 302 1680 370 ἐξεῦρον.
1735 307 1878 358 τοῦ-

182 390 245 439 τό
282 406 369 439 τοι
408 388 502 439 καὶ
550 385 690 456 αὐτὴ
739 385 801 440 τὸ
853 385 1036 454 παρὸν
1075 386 1346 448 ἐπινοίαις
1382 376 1768 458 ὑπερεθέμην,
1807 387 1876 442 τοὶ

183 470 437 541 πρόδηλα
476 482 590 535 τοῖς
616 470 846 540 ἀδήλοις
872 469 1341 540 διακρουσαμένη.
1401 474 1722 539 φυλακτέον
1748 466 1874 542 οὖν,

184 550 230 610 ὦ
255 558 588 625 γλυκύτατε,
618 558 878 623 καθάπερ
906 555 1192 623 πάλαισμα
1218 552 1280 607 τὸ
1308 555 1564 624 πλάσμα,
1592 556 1686 610 καὶ
1712 572 1874 628 σιγη-
1902 574 1916 608 ε

181 643 310 694 τέον
336 640 404 694 ού
439 640 579 709 πρὸς
604 639 735 702 τούς
771 638 976 702 ἄλλους
1010 640 1190 707 μόνον
1226 637 1370 691 ἀλλά
1406 638 1499 693 καὶ
1535 642 1674 708 πρὸς
1699 639 1878 696 αὐτὸν

181 726 484 795 Κνήμωνα.
546 725 953 794 φιλάνθρωπος
989 724 1093 791 μὲν
1129 725 1238 792 γάρ
1280 725 1399 777 ἐστι
1437 726 1565 791 περὶ
1599 724 1745 795 ἡμᾶς
1781 726 1872 780 καὶ

181 808 408 880 ’Έλλην,
449 809 574 862 ἀλλ’
604 810 948 878 αἰχμάλωτος
986 811 1078 861 καὶ
1117 812 1193 879 τῷ
1231 813 1534 876 κρατοῦντι
1573 811 1763 879 πλέον,
1803 806 1875 863 ἂν

181 894 328 948 οὕτω
354 896 524 966 τύχῃ,
554 894 935 963 χαριούμενος.
995 891 1125 946 οὔτε
1163 891 1270 962 γὰρ
1299 896 1487 961 φιλίας
1513 896 1713 962 χρόνος
1739 892 1873 948 οὔτε

182 978 498 1049 ἀγχιστείας
532 978 744 1049 θεσμὸς
782 981 1053 1047 ἐνέχυρον
1084 976 1221 1046 ἡμῖν
1256 976 1482 1046 ἀκριβὲς
1517 983 1613 1048 τῆς
1638 982 1874 1043 πίστεως
1903 996 1916 1030 1

181 1064 359 1119 αὐτοῦ
385 1069 481 1134 τῆς
508 1066 635 1134 περὶ
662 1062 802 1133 ἡμᾶς
829 1065 1044 1116 δίδωσι.
1088 1061 1175 1115 διὸ
1202 1061 1312 1114 κάν
1338 1065 1399 1115 ἔκ
1426 1083 1578 1126 τινος
1601 1062 1874 1126 ὑπονοίας

182 1151 464 1220 ἐπιψαύσῃ
503 1152 634 1203 ποτὲ
672 1153 787 1202 τῶν
822 1147 1128 1218 ἡμετέρων,
1181 1147 1455 1216 ἀρνητέον
1488 1145 1594 1217 τὴν
1626 1148 1871 1218 πρώτην.

180 1234 369 1306 καλὸν
382 1238 491 1304 γάρ
527 1254 661 1287 ποτε
699 1237 792 1287 καὶ
818 1231 879 1286 τὸ
907 1233 1140 1301 ψεῦδος,
1178 1219 1614 1326 ὄτανόωφελουν
1625 1231 1757 1307 τοὺς
1781 1233 1873 1309 λε’-

180 1318 407 1391 γοντας
399 1320 593 1390 μηδὲν
627 1320 990 1388 καταβλάπτῃ
1025 1315 1156 1388 τους
1180 1299 1516 1391 ἀκούοντας.

95 1409 162 1462 27
287 1409 461 1457 ταῦτα
488 1414 587 1474 τῆς
611 1406 946 1473 Χαρικλείας
971 1402 1063 1455 καὶ
1084 1405 1313 1454 τοιαῦτα
1334 1400 1473 1471 πρὸς
1497 1402 1559 1455 τὸ
1578 1403 1871 1470 βέλτιστον
1901 1419 1916 1463 1

179 1488 616 1558 ὑποτιθεμένης,
658 1488 686 1541 ὁ
725 1489 972 1556 Κνήμων
1012 1488 1278 1555 εἰστρέχει
1316 1490 1443 1540 λίαν
1482 1486 1868 1556 ἐσπουδασμέ-

179 1595 293 1637 νως
318 1574 411 1628 καὶ
436 1572 620 1626 πολύν
642 1575 705 1626 ἐκ
731 1577 846 1625 τῶν
873 1571 1061 1635 ὄφεων
1087 1574 1348 1639 θόρυβον
1376 1572 1869 1640 ἐπαγγελλόμενος.

180 1660 272 1712 καὶ
300 1653 344 1711 ὦ
375 1658 676 1725 Θεάγενες,
714 1655 818 1726 τὴν
855 1658 958 1726 μὲν
993 1656 1141 1710 πόαν
1173 1654 1293 1724 ἥκω
1331 1670 1420 1708 σοι
1446 1657 1656 1726 φέρων,
1695 1658 1868 1724 ἔλεγε,

179 1743 269 1796 καὶ
321 1743 607 1812 θεράπευε
653 1739 752 1804 τὰς
798 1739 1012 1809 πληγάς
1060 1740 1407 1808 ἐπιθέμενος·
1468 1740 1571 1809 χρή
1621 1742 1681 1795 δὲ
1731 1741 1872 1810 πρὸς

180 1828 340 1895 ἕτερα
366 1827 657 1895 τραύματα
683 1825 775 1879 καὶ
804 1825 1017 1894 φόνους
1053 1829 1211 1885 ἴσους
1238 1820 1382 1877 εἶναι
1408 1827 1870 1895 παρεσκευασμέ-
1898 1841 1916 1874 2

180 1933 332 1975 νους.
395 1915 496 1964 τοῦ
537 1911 598 1964 δὲ
636 1911 984 1979 σαφέστερον
1023 1907 1052 1961 ὅ
1088 1928 1142 1961 τι.
1167 1908 1299 1961 ποτὲ
1328 1910 1477 1976 λέγοι
1513 1911 1725 1979 δηλοῦν
1752 1911 1870 1964 ἰκε-

181 1999 463 2065 τεύοντος,
492 1995 560 2049 οὐ
586 1995 807 2063 καιρός,
850 1997 986 2063 ἔφη,
1015 1992 1075 2047 τὸ
1103 1991 1288 2058 παρὸν
1311 1990 1541 2046 ἀκούειν
1559 2013 1570 2025 ·
1610 1993 1734 2057 δέος
1757 1992 1868 2063 γάρ

181 2085 588 2150 προληφθῆναι
626 2076 755 2141 τούς
793 2080 995 2146 λόγους
1031 2076 1142 2130 ὑπὸ
1169 2077 1282 2130 τῶν
1309 2080 1505 2146 ἔργων.
1571 2076 1699 2130 ἀλλ’
1726 2077 1868 2134 ἕπου

179 2164 283 2236 τὴν
307 2168 588 2234 ταχίστην.
649 2166 983 2217 συνεπέσθω
1011 2163 1072 2215 δὲ
1099 2161 1191 2214 καὶ
1216 2160 1249 2232 ἡ
1278 2165 1599 2230 Χαρίκλεια.
1641 2163 1734 2215 καὶ
1759 2181 1867 2216 πα-

182 2248 446 2318 ραλαβών
486 2247 648 2317 ἄμφω
688 2247 840 2317 παρά
877 2248 979 2301 τὸν
1018 2247 1242 2315 Θύαμιν
1278 2239 1396 2315 ἦγε.
1465 2247 1557 2299 καὶ
1583 2247 1792 2314 κράνος
1815 2265 1868 2298 τι
1897 2261 1916 2294 2

180 2335 500 2403 διασμῶντα
527 2335 620 2385 καὶ
646 2331 858 2385 παλτὸν
883 2333 1135 2401 θήγοντα
1163 2329 1515 2398 καταλαβών,
1545 2331 1623 2392 εἰς
1647 2330 1866 2400 καιρόν,

181 2423 306 2488 ἔφη,
335 2417 476 2485 πρὸς
502 2417 695 2479 ὅπλοις
720 2412 1026 2485 τυγχάνεις.
1079 2415 1207 2468 ἀλλ’
1237 2413 1404 2476 αὐτός
1428 2434 1486 2467 τε
1514 2416 1746 2467 ἔνδυναι
1776 2413 1868 2467 καὶ

179 2502 311 2566 τοὺς
337 2502 544 2564 ἄλλους
570 2504 788 2554 κέλευε·
849 2505 1066 2570 πλῆθος
1101 2499 1208 2568 γὰρ
1235 2503 1517 2566 πολεμίων
1543 2496 1677 2551 ὅσον
1704 2495 1869 2552 οὐδέ-

182 2608 268 2642 πω
304 2588 431 2655 περὶ
466 2585 629 2655 ἡμᾶς,
672 2589 764 2638 καὶ
801 2588 1070 2639 τοσοῦτον
1104 2583 1547 2652 ἀπολειπόμενον
1581 2581 1718 2636 ὅσον
1754 2584 1856 2636 τοῦ

181 2673 364 2740 λόφου
400 2675 502 2724 τοῦ
542 2674 781 2739 πλησίον
816 2669 1277 2737 ὑπερκύπτοντας
1311 2665 1561 2733 προϊδών
1585 2666 1703 2735 ἥκω
1731 2667 1867 2735 δρο-
1895 2679 1915 2713 3

180 2766 341 2825 μαῐος
377 2755 481 2824 τὴν
520 2756 731 2824 ἔφοδον
760 2755 1178 2823 ,προμηνύσων,
1228 2750 1399 2805 οὐδὲν
1445 2751 1646 2819 τάχους
1692 2749 1864 2816 ἀνείς,
