1916 3132
0 0 60 106 ³7

0 182 9 262 ἓ

732 140 734 142 ,
765 90 1142 140 TETAPTON
1702 87 1802 140 105

100 229 232 297 παρ’
266 228 448 301 αὐτὴν
482 231 750 285 ἱκέτευεν.
810 227 863 293 ἐξ
902 221 974 281 οὗ
998 229 1066 297 δὴ
1097 226 1191 280 καὶ
1216 227 1458 297 μάλιστα
1486 229 1805 296 συνέβαλον

101 313 178 380 ὥς
215 313 327 370 ὑπὸ
366 319 464 384 τῆς
499 318 602 383 σῆς
638 316 842 382 σοφίας
891 313 1155 367 ἑάλωκεν.
1227 303 1318 378 ἀρ’
1347 303 1453 365 οὖν
1493 311 1681 379 ὥσπερ
1722 310 1805 365 ὅτι

106 402 226 471 ἐρᾷ,
266 401 406 469 πρὸς
433 397 609 453 αὐτὸν
636 398 765 467 ἐγώ,
807 397 900 450 καὶ
925 395 988 450 τὸ
1013 379 1167 459 τίνος
1194 399 1339 465 ἔχοις
1372 392 1445 451 ἄν
1481 398 1696 465 λέγειν;
1739 395 1806 449 οὐ

103 487 179 555 μὰ
217 484 316 540 τὸν
353 482 625 552 Ἀπόλλω,
664 485 799 553 ἔφη·
840 486 958 546 πῶς
993 481 1102 551 γὰρ
1134 479 1207 535 ἄν
1244 481 1280 551 ἢ
1317 482 1500 535 πόθεν
1526 485 1694 534 τοῦτο
1724 483 1806 534 εἰ-

1 601 4 603 ·
48 593 68 625 5
107 571 290 640 δείην;
340 568 594 640 ηὐχόμην
644 569 706 620 δὲ
739 565 1114 637 Ἀλκαμένους
1151 561 1331 636 αὐτὴν
1371 568 1511 635 ἐρᾶν
1550 566 1585 635 ἢ
1623 567 1808 620 πάντα

104 656 376 726 χρήματα,
415 657 516 708 τοῦ
555 655 650 723 τῆς
689 651 940 722 ἀδελφῆς
978 650 1178 714 παιδὸς
1214 655 1312 719 τῆς
1349 651 1498 722 ἐμῆς,
1541 650 1608 704 ὃν
1634 651 1809 704 πάλαι

106 738 252 810 αὐτῇ
302 738 573 822 νυμφίονζ
626 735 729 790 ὅσα
765 757 830 805 γε
870 739 947 800 εἰς
983 737 1261 806 βούλησιν
1299 735 1461 806 ἥκειν
1498 734 1603 805 τὴν
1645 736 1806 805 ἐμήν,
1847 737 1916 812 ’μ

107 824 481 899 κατηγγύησα.
545 823 684 892 ἐμοῦ
714 822 774 875 δὲ
803 821 1060 885 εἰπόντος
1098 820 1173 885 ὠς
1210 821 1388 885 ἔξεστι
1426 831 1630 891 πεῖραν
1668 825 1811 890 λαμ-

92 901 322 978 ᾞάνειν,
365 906 663 976 εἰσάγοντα
700 905 835 975 παρ’
865 905 1044 976 αὐτὴν
1072 909 1165 959 καὶ
1193 907 1496 960 δεικνύντα
1522 909 1584 961 τὸ
1612 906 1807 976 μειρά-

51 1015 92 1049 10
108 1013 249 1053 κιον,
280 991 577 1055 ἐπαινέσας
597 990 778 1062 ἀπῄει.
783 983 817 1065 s
823 991 915 1044 καὶ
943 992 1072 1059 περὶ
1098 991 1438 1061 πλήθουσαν
1464 990 1679 1060 ἀγορὰν
1704 985 1810 1044 αὗ-

106 1080 199 1141 θίς
223 1098 318 1146 μοι
344 1076 662 1145 συντυχσόν,
698 1074 941 1145 ἀνιαρὸν
969 1075 1186 1147 ἀκούσῃ
1215 1087 1466 1147 πρᾶγμα,
1507 1079 1716 1145 ἔλεγεν.
1775 1073 1808 1144 ἡ

107 1172 237 1226 παῖς
263 1162 542 1230 δαιμονᾶν
569 1163 780 1214 ἔοικεν·
822 1160 1001 1224 οὕτως
1028 1156 1341 1216 ἀλλόκοτόν
1368 1183 1417 1214 τι
1453 1160 1517 1215 τὸ
1554 1159 1677 1215 κατ’
1707 1158 1807 1214 αὐ-

107 1249 228 1317 τήν.
290 1248 537 1315 εἰσῆγον,
579 1244 652 1308 ὠς
680 1244 1006 1314 ἐκέλευσας,
1046 1247 1149 1302 τὸν
1183 1246 1488 1316 Ἀλκαμένη
1518 1243 1806 1316 καὶ-ἁβρό-

103 1315 625 1408 Ξερονίὲδείκνυον·
666 1328 703 1399 ἢ
730 1331 809 1398 δέ,
851 1327 1042 1401 ὥσπερ
1068 1330 1172 1402 τὴν
1198 1335 1454 1399 Γοργοῦς
1487 1333 1812 1401 θεασαμένη

53 1438 92 1472 15
110 1404 366 1485 κεφαλήν
391 1413 425 1484 ἤ
450 1437 503 1469 τι
528 1419 644 1468 τῶν
669 1414 1060 1484 ἀτοπωτέρων,
1085 1414 1185 1480 ὀξύ
1213 1437 1264 1469 τι
1291 1416 1383 1469 καὶ
1410 1418 1549 1485 μέγα
1572 1414 1814 1482 ἀνέκρα-

108 1521 191 1570 γε,
220 1502 312 1554 καὶ
339 1499 443 1569 τήν
471 1499 603 1563 ὄψιν
629 1500 769 1567 πρὸς
786 1501 1002 1566 θάτερα
1020 1506 1122 1554 τοῦ
1150 1501 1450 1570 οἰκήματος
1475 1501 1811 1569 ἀπέστρεφε,

111 1587 203 1639 καὶ
231 1585 328 1649 τοὶς
349 1595 535 1654 χεῖρας
562 1583 635 1648 ὥς
661 1585 872 1654 βρόχον
894 1586 1186 1654 ἐπάγουσα
1204 1589 1281 1656 τῷ
1302 1586 1558 1658 τραχήλῳ
1580 1587 1813 1655 διαχρή-

113 1675 325 1724 σασθαι
352 1669 588 1740 ἠπείλει,
630 1670 723 1723 καὶ
752 1669 1069 1739 ἐπώμνυεν,
1112 1672 1163 1723 εἰ
1195 1670 1268 1740 μή
1310 1675 1524 1724 θᾶττον
1552 1670 1812 1740 ἐξίοιμεν.

115 1755 332 1824 ἐκείνης
356 1757 460 1825 μὲν
498 1756 565 1824 δὴ
597 1755 690 1808 καὶ
718 1755 892 1824 λόγου
918 1758 1131 1808 θᾶττον
1157 1753 1587 1825 ἀπηλλάγημεν·
1626 1759 1682 1809 τί
1705 1757 1814 1825 γὰρ

54 1861 96 1894 20
114 1840 207 1893 καὶ
235 1841 347 1894 ἔδει
373 1849 576 1908 ποιεῖν,
604 1837 843 1894 ἀτοπίαν
869 1841 1149 1910 τοσαύτην
1175 1838 1456 1910 &pohweg-3
1487 1844 1592 1894 σοῦ
1614 1841 1674 1895 δὲ
1699 1841 1812 1894 [κέ-

112 1945 201 1979 ται
239 1926 332 1978 καὶ
370 1923 541 1977 πάλιν
578 1926 874 1994 γινόμεθα,
914 1925 1042 1994 μήτ’
1073 1922 1295 1994 ἐκείνην
1333 1927 1610 1994 περιιδεῖν
1637 1924 1814 1978 ἀπολ-

111 2012 364 2078 λυμένην
389 2010 527 2078 μήτε
551 2007 696 2079 ἡμᾶς
721 2013 835 2063 τῶν
862 2009 986 2063 κατ’
1011 2009 1179 2079 εὐχάς
1206 2009 1716 2079 ἀποτυγχάνοντας.
1740 2000 1742 2005 ,
1772 2002 1814 2063 ὦ

112 2098 431 2163 Χαρίκλεις,
460 2097 624 2164 ἔφην,
652 2093 720 2148 οὐ
747 2095 1049 2164 διήμαρτες
1076 2097 1252 2149 εἰπών
1279 2097 1557 2164 δαιμονᾶν
1583 2097 1689 2165 τὴν
1716 2096 1814 2148 κό-

115 2199 222 2251 ρην
243 2199 253 2209 ·
300 2177 541 2248 ὀχλεῖται
565 2177 672 2248 γάρ
699 2177 812 2233 ὑπὸ
841 2180 1141 2249 δυνάμεων
1168 2178 1234 2243 ἅς
1266 2179 1435 2244 αὐτὸς
1471 2184 1814 2250 κατέπεμψα,

55 2266 208 2318 25καὶ
234 2265 453 2318 τούτων
480 2261 586 2318 οὐκ
617 2265 946 2334 ἐλαχίστων,
985 2259 1111 2318 ἀλλ’
1142 2264 1207 2328 ὁὲς
1234 2265 1380 2329 εἰκὸς
1406 2257 1477 2335 ἦν
1507 2266 1750 2336 ἐκείνην,
1780 2268 1818 2318 οἳ

31 2355 34 2357 ’
113 2350 249 2420 μήτε
277 2347 548 2418 ἐπεφύκει
572 2349 709 2419 μήτε
738 2348 1023 2418 ἐβούλετο,
1065 2352 1489 2419 καταναγκάσαι
1527 2352 1813 2419 πράττειν.

114 2433 258 2488 ἀλλά
283 2453 378 2503 μοι
403 2431 665 2497 ἀντίθεός
691 2454 772 2497 τις
797 2437 983 2488 ἔοικεν
1011 2435 1328 2504 ἐμποδίζειν
1353 2435 1456 2505 τὴν
1483 2437 1687 2505 πρᾶξιν
1724 2433 1819 2488 καὶ

116 2519 492 2588 διαμάχεσθαι
518 2517 658 2587 πρὸς
683 2518 818 2582 τούς
846 2520 1018 2587 ἐμοὺς
1043 2515 1347 2590 ὑπηρέτας,
1390 2520 1533 2574 ὥστε
1569 2518 1689 2589 ὥρα
1729 2535 1819 2573 σοι

116 2604 340 2666 πάντως
367 2603 756 2657 ἐπιδεικνύναι
782 2625 877 2672 μοι
902 2604 1006 2675 τὴν
1028 2609 1252 2659 ταινίαν
1278 2604 1349 2674 ἣν
1374 2609 1442 2676 τῇ
1481 2604 1640 2658 παιδὶ
1678 2619 1819 2657 συν-
1846 2635 1854 2641 ·

59 2703 102 2738 30
120 2693 452 2743 εκτεθεῖσαν
477 2685 856 2759 ὑποδεδέχθαι
881 2688 1018 2758 μετά
1045 2694 1159 2744 τῶν
1186 2689 1376 2744 ἄλλων
1408 2692 1819 2759 γνωρισμάτων
1879 2707 1890 2713 ”

23 2766 33 2810 ἶ
119 2775 331 2850 ἔλεγες·
372 2770 447 2836 ὥς
485 2774 659 2842 ἔγωγε
698 2773 925 2827 δέδοικα
963 2774 1038 2844 μή
1076 2794 1227 2837 τινος
1267 2774 1647 2843 ἐμπέπλησται
1684 2792 1819 2839 γοη-

118 2861 267 2920 τείας
291 2857 384 2911 καὶ
411 2860 775 2927 μαγγανείαις
811 2860 1077 2927 τυγχάνει
1114 2859 1528 2927 τραχυνούσαις
1564 2856 1668 2925 τὴν
1706 2867 1819 2921 ψυ-
