<?xml version="1.0" encoding="UTF-8"?>
<!DOCTYPE html PUBLIC "-//W3C//DTD XHTML 1.0 Transitional//EN"
    "http://www.w3.org/TR/xhtml1/DTD/xhtml1-transitional.dtd">
<html xmlns="http://www.w3.org/1999/xhtml" xml:lang="en" lang="en">
 <head>
  <title>
</title>
<meta http-equiv="Content-Type" content="text/html;charset=utf-8" />
  <meta name='ocr-system' content='tesseract 3.04.00' />
  <meta name='ocr-capabilities' content='ocr_page ocr_carea ocr_par ocr_line ocrx_word'/>
</head>
<body>
  <div class='ocr_page' id='page_1' title='image "./aethiopicorumlib00heliuoft_0121.png"; bbox 0 0 1916 3132; ppageno 0'>
   <div class='ocr_carea' id='block_1_1' title="bbox 759 124 1796 176">
    <p class='ocr_par' dir='ltr' id='par_1_1' title="bbox 759 124 1796 176">
     <span class='ocr_line' id='line_1_1' title="bbox 759 124 1796 176; baseline 0.002 -2"><span class='ocrx_word' id='word_1_1' title='bbox 759 125 1133 174; x_wconf 88' lang='grc' dir='ltr'><em>ΤΕΤΑΡΤΟΝ</em></span> <span class='ocrx_word' id='word_1_2' title='bbox 1701 124 1725 176; x_wconf 91' lang='grc'>1</span> <span class='ocrx_word' id='word_1_3' title='bbox 1738 125 1761 176; x_wconf 94' lang='grc'>1</span> <span class='ocrx_word' id='word_1_4' title='bbox 1774 125 1796 176; x_wconf 94' lang='grc'>1</span> 
     </span>
    </p>
   </div>
   <div class='ocr_carea' id='block_1_2' title="bbox 19 261 1884 2966">
    <p class='ocr_par' dir='ltr' id='par_1_2' title="bbox 87 261 1799 589">
     <span class='ocr_line' id='line_1_2' title="bbox 87 261 1799 335; baseline -0.001 -16"><span class='ocrx_word' id='word_1_5' title='bbox 87 274 210 334; x_wconf 80' lang='grc' dir='ltr'><strong><em>γεῖν</em></strong></span> <span class='ocrx_word' id='word_1_6' title='bbox 247 268 324 335; x_wconf 76' lang='grc' dir='ltr'><strong><em>τῷ</em></strong></span> <span class='ocrx_word' id='word_1_7' title='bbox 364 267 445 335; x_wconf 76' lang='grc' dir='ltr'><strong><em>σῷ</em></strong></span> <span class='ocrx_word' id='word_1_8' title='bbox 482 261 650 332; x_wconf 87' lang='grc' dir='ltr'><strong><em>πατρὶ</em></strong></span> <span class='ocrx_word' id='word_1_9' title='bbox 688 263 750 316; x_wconf 89' lang='grc' dir='ltr'><strong><em>τὸ</em></strong></span> <span class='ocrx_word' id='word_1_10' title='bbox 791 262 1170 333; x_wconf 88' lang='grc' dir='ltr'><strong><em>συμβεβηκός·</em></strong></span> <span class='ocrx_word' id='word_1_11' title='bbox 1223 262 1432 316; x_wconf 88' lang='grc' dir='ltr'><strong><em>εἰδέναι</em></strong></span> <span class='ocrx_word' id='word_1_12' title='bbox 1470 261 1580 331; x_wconf 77' lang='grc' dir='ltr'><strong><em>γὰρ</em></strong></span> <span class='ocrx_word' id='word_1_13' title='bbox 1620 262 1799 317; x_wconf 79' lang='grc' dir='ltr'><strong><em>αὐτὸν</em></strong></span> 
     </span>
     <span class='ocr_line' id='line_1_3' title="bbox 87 345 1797 419; baseline -0.001 -16"><span class='ocrx_word' id='word_1_14' title='bbox 87 347 564 419; x_wconf 88' lang='grc' dir='ltr'><strong><em>πεισθησόμενον,</em></strong></span> <span class='ocrx_word' id='word_1_15' title='bbox 591 347 778 417; x_wconf 78' lang='grc' dir='ltr'><strong><em>χρόνῳ</em></strong></span> <span class='ocrx_word' id='word_1_16' title='bbox 803 367 862 401; x_wconf 91' lang='grc' dir='ltr'><strong><em>τε</em></strong></span> <span class='ocrx_word' id='word_1_17' title='bbox 889 351 986 416; x_wconf 86' lang='grc' dir='ltr'><strong><em>τῆς</em></strong></span> <span class='ocrx_word' id='word_1_18' title='bbox 1017 347 1382 416; x_wconf 78' lang='grc' dir='ltr'><em>συμβιώσεως</em></span> <span class='ocrx_word' id='word_1_19' title='bbox 1407 345 1510 416; x_wconf 85' lang='grc' dir='ltr'><strong><em>τὴν</em></strong></span> <span class='ocrx_word' id='word_1_20' title='bbox 1540 346 1629 399; x_wconf 83' lang='grc' dir='ltr'><strong><em>ἐπ’</em></strong></span> <span class='ocrx_word' id='word_1_21' title='bbox 1653 346 1797 419; x_wconf 83' lang='grc' dir='ltr'><strong><em>αὐτῇ</em></strong></span> 
     </span>
     <span class='ocr_line' id='line_1_4' title="bbox 89 431 1799 504; baseline -0.001 -17"><span class='ocrx_word' id='word_1_22' title='bbox 89 435 429 504; x_wconf 80' lang='grc' dir='ltr'><strong><em>δοκιμασίαν</em></strong></span> <span class='ocrx_word' id='word_1_23' title='bbox 454 435 670 502; x_wconf 81' lang='grc' dir='ltr'><strong><em>ἔχοντα,</em></strong></span> <span class='ocrx_word' id='word_1_24' title='bbox 702 431 796 485; x_wconf 86' lang='grc' dir='ltr'><strong><em>καὶ</em></strong></span> <span class='ocrx_word' id='word_1_25' title='bbox 818 436 917 501; x_wconf 84' lang='grc' dir='ltr'><strong><em>τῆς</em></strong></span> <span class='ocrx_word' id='word_1_26' title='bbox 935 434 998 486; x_wconf 90' lang='grc' dir='ltr'><strong><em>ἐκ</em></strong></span> <span class='ocrx_word' id='word_1_27' title='bbox 1018 433 1238 486; x_wconf 78' lang='grc' dir='ltr'><em>παίδων</em></span> <span class='ocrx_word' id='word_1_28' title='bbox 1261 433 1526 501; x_wconf 83' lang='grc' dir='ltr'><strong><em>διαδοχῆς</em></strong></span> <span class='ocrx_word' id='word_1_29' title='bbox 1546 432 1652 501; x_wconf 78' lang='grc' dir='ltr'><strong><em>τὴν</em></strong></span> <span class='ocrx_word' id='word_1_30' title='bbox 1674 434 1799 486; x_wconf 86' lang='grc' dir='ltr'><strong><em>ἐπι-</em></strong></span> 
     </span>
     <span class='ocr_line' id='line_1_5' title="bbox 88 517 1197 589; baseline -0.003 -15"><span class='ocrx_word' id='word_1_31' title='bbox 88 525 306 589; x_wconf 87' lang='grc' dir='ltr'><strong><em>θυμίαν</em></strong></span> <span class='ocrx_word' id='word_1_32' title='bbox 346 517 785 587; x_wconf 76' lang='grc' dir='ltr'><em>ἀπροσδοκήτως</em></span> <span class='ocrx_word' id='word_1_33' title='bbox 820 517 1197 586; x_wconf 81' lang='grc' dir='ltr'><strong><em>λαμβάνοντα.</em></strong></span> 
     </span>
    </p>

    <p class='ocr_par' dir='ltr' id='par_1_3' title="bbox 38 602 1884 1014">
     <span class='ocr_line' id='line_1_6' title="bbox 38 602 1884 672; baseline -0.001 -13"><span class='ocrx_word' id='word_1_34' title='bbox 38 626 58 658; x_wconf 85' lang='lat'>5</span> <span class='ocrx_word' id='word_1_35' title='bbox 197 607 372 658; x_wconf 87' lang='grc' dir='ltr'><strong><em>ταῦτα</em></strong></span> <span class='ocrx_word' id='word_1_36' title='bbox 412 605 599 672; x_wconf 87' lang='grc' dir='ltr'><strong><em>ἐκείνη</em></strong></span> <span class='ocrx_word' id='word_1_37' title='bbox 638 602 743 671; x_wconf 80' lang='grc' dir='ltr'><strong><em>μὲν</em></strong></span> <span class='ocrx_word' id='word_1_38' title='bbox 781 604 938 671; x_wconf 87' lang='grc' dir='ltr'><strong><em>ἔλεγε</em></strong></span> <span class='ocrx_word' id='word_1_39' title='bbox 977 603 1070 655; x_wconf 86' lang='grc' dir='ltr'><strong><em>καὶ</em></strong></span> <span class='ocrx_word' id='word_1_40' title='bbox 1119 610 1303 655; x_wconf 80' lang='grc' dir='ltr'><strong><em>ποιεῖν</em></strong></span> <span class='ocrx_word' id='word_1_41' title='bbox 1352 602 1621 670; x_wconf 73' lang='grc' dir='ltr'><strong><em>ἱκέτευεν,</em></strong></span> <span class='ocrx_word' id='word_1_42' title='bbox 1673 603 1795 656; x_wconf 79' lang='grc' dir='ltr'><strong><em>ἐπι-</em></strong></span> <span class='ocrx_word' id='word_1_43' title='bbox 1821 607 1884 661; x_wconf 87' lang='grc'><strong><em>13</em></strong></span> 
     </span>
     <span class='ocr_line' id='line_1_7' title="bbox 88 683 1792 759; baseline -0.002 -15"><span class='ocrx_word' id='word_1_44' title='bbox 88 688 418 759; x_wconf 77' lang='grc' dir='ltr'><strong><em>σκήπτουσά</em></strong></span> <span class='ocrx_word' id='word_1_45' title='bbox 444 708 538 758; x_wconf 90' lang='grc' dir='ltr'><strong><em>μοι</em></strong></span> <span class='ocrx_word' id='word_1_46' title='bbox 578 687 759 741; x_wconf 81' lang='grc' dir='ltr'><strong><em>πολλὰ</em></strong></span> <span class='ocrx_word' id='word_1_47' title='bbox 799 685 1100 759; x_wconf 41' lang='lat' dir='ltr'><strong><em>‘KQ-2524&amp;</em></strong></span> <span class='ocrx_word' id='word_1_48' title='bbox 1126 685 1319 757; x_wconf 82' lang='grc' dir='ltr'><strong><em>ὅρκον,</em></strong></span> <span class='ocrx_word' id='word_1_49' title='bbox 1361 683 1430 739; x_wconf 79' lang='grc' dir='ltr'><strong><em>ὃν</em></strong></span> <span class='ocrx_word' id='word_1_50' title='bbox 1467 685 1663 740; x_wconf 84' lang='grc' dir='ltr'><strong><em>οὐδενὶ</em></strong></span> <span class='ocrx_word' id='word_1_51' title='bbox 1689 701 1792 740; x_wconf 84' lang='grc' dir='ltr'><strong><em>σο-</em></strong></span> 
     </span>
     <span class='ocr_line' id='line_1_8' title="bbox 88 769 1799 844; baseline -0.002 -16"><span class='ocrx_word' id='word_1_52' title='bbox 88 776 215 843; x_wconf 76' lang='grc' dir='ltr'><strong><em>φῶν</em></strong></span> <span class='ocrx_word' id='word_1_53' title='bbox 253 770 571 844; x_wconf 85' lang='grc' dir='ltr'><strong><em>ὑπερβῆναι</em></strong></span> <span class='ocrx_word' id='word_1_54' title='bbox 607 772 869 841; x_wconf 89' lang='grc' dir='ltr'><strong><em>θεμιτόν·</em></strong></span> <span class='ocrx_word' id='word_1_55' title='bbox 933 771 1042 840; x_wconf 75' lang='grc' dir='ltr'><strong><em>ἐγώ</em></strong></span> <span class='ocrx_word' id='word_1_56' title='bbox 1094 773 1157 827; x_wconf 80' lang='grc' dir='ltr'><strong><em>δὲ</em></strong></span> <span class='ocrx_word' id='word_1_57' title='bbox 1195 769 1314 841; x_wconf 82' lang='grc' dir='ltr'><strong><em>ἥκω</em></strong></span> <span class='ocrx_word' id='word_1_58' title='bbox 1365 773 1469 842; x_wconf 81' lang='grc' dir='ltr'><strong><em>τὴν</em></strong></span> <span class='ocrx_word' id='word_1_59' title='bbox 1509 771 1799 841; x_wconf 74' lang='grc' dir='ltr'><strong><em>ἐνώμοτον</em></strong></span> 
     </span>
     <span class='ocr_line' id='line_1_9' title="bbox 91 854 1800 928; baseline -0.001 -16"><span class='ocrx_word' id='word_1_60' title='bbox 91 859 312 912; x_wconf 74' lang='grc' dir='ltr'><strong><em>ἱκεσίαν</em></strong></span> <span class='ocrx_word' id='word_1_61' title='bbox 344 859 670 926; x_wconf 84' lang='grc' dir='ltr'><strong><em>ἐκτελέσων,</em></strong></span> <span class='ocrx_word' id='word_1_62' title='bbox 700 856 766 910; x_wconf 84' lang='grc' dir='ltr'><strong><em>ού</em></strong></span> <span class='ocrx_word' id='word_1_63' title='bbox 786 854 878 910; x_wconf 76' lang='grc' dir='ltr'><strong><em>δια</em></strong></span> <span class='ocrx_word' id='word_1_64' title='bbox 906 862 1075 911; x_wconf 83' lang='grc' dir='ltr'><strong><em>τοῦτο</em></strong></span> <span class='ocrx_word' id='word_1_65' title='bbox 1091 859 1196 927; x_wconf 79' lang='grc' dir='ltr'><strong><em>μὲν</em></strong></span> <span class='ocrx_word' id='word_1_66' title='bbox 1215 857 1323 928; x_wconf 86' lang='grc' dir='ltr'><strong><em>τὴν</em></strong></span> <span class='ocrx_word' id='word_1_67' title='bbox 1346 858 1438 912; x_wconf 84' lang='grc' dir='ltr'><strong><em>ἐπὶ</em></strong></span> <span class='ocrx_word' id='word_1_68' title='bbox 1464 857 1597 911; x_wconf 77' lang='grc' dir='ltr'><strong><em>τάδε</em></strong></span> <span class='ocrx_word' id='word_1_69' title='bbox 1620 872 1800 910; x_wconf 86' lang='grc' dir='ltr'><strong><em>σπου-</em></strong></span> 
     </span>
     <span class='ocr_line' id='line_1_10' title="bbox 89 939 1799 1014; baseline -0.002 -17"><span class='ocrx_word' id='word_1_70' title='bbox 89 943 263 1006; x_wconf 82' lang='grc' dir='ltr'><strong><em>δάσας</em></strong></span> <span class='ocrx_word' id='word_1_71' title='bbox 289 942 501 1011; x_wconf 80' lang='grc' dir='ltr'><strong><em>ἄφιξιν,</em></strong></span> <span class='ocrx_word' id='word_1_72' title='bbox 532 946 686 996; x_wconf 73' lang='grc' dir='ltr'><strong><em>θεῶν</em></strong></span> <span class='ocrx_word' id='word_1_73' title='bbox 724 942 785 995; x_wconf 77' lang='grc' dir='ltr'><strong><em>δὲ</em></strong></span> <span class='ocrx_word' id='word_1_74' title='bbox 822 939 1091 1014; x_wconf 80' lang='grc' dir='ltr'><strong><em>ὑποθήκῃ</em></strong></span> <span class='ocrx_word' id='word_1_75' title='bbox 1126 942 1392 1012; x_wconf 89' lang='grc' dir='ltr'><strong><em>μέγιστον</em></strong></span> <span class='ocrx_word' id='word_1_76' title='bbox 1431 942 1493 996; x_wconf 88' lang='grc' dir='ltr'><strong><em>ἐκ</em></strong></span> <span class='ocrx_word' id='word_1_77' title='bbox 1530 946 1626 1012; x_wconf 86' lang='grc' dir='ltr'><strong><em>τῆς</em></strong></span> <span class='ocrx_word' id='word_1_78' title='bbox 1660 940 1799 1011; x_wconf 78' lang='grc' dir='ltr'><strong><em>ἄλης</em></strong></span> 
     </span>
    </p>

    <p class='ocr_par' dir='ltr' id='par_1_4' title="bbox 19 1025 1800 1438">
     <span class='ocr_line' id='line_1_11' title="bbox 19 1025 1797 1097; baseline -0.001 -15"><span class='ocrx_word' id='word_1_79' title='bbox 19 1048 59 1082; x_wconf 90' lang='lat'><strong><em>10</em></strong></span> <span class='ocrx_word' id='word_1_80' title='bbox 88 1032 256 1082; x_wconf 83' lang='grc' dir='ltr'><strong><em>τοῦτο</em></strong></span> <span class='ocrx_word' id='word_1_81' title='bbox 283 1029 578 1097; x_wconf 85' lang='grc' dir='ltr'><strong><em>κερδήσας.</em></strong></span> <span class='ocrx_word' id='word_1_82' title='bbox 637 1026 699 1080; x_wconf 85' lang='grc' dir='ltr'><strong><em>ἐκ</em></strong></span> <span class='ocrx_word' id='word_1_83' title='bbox 728 1031 944 1081; x_wconf 85' lang='grc' dir='ltr'><strong><em>πολλοῦ</em></strong></span> <span class='ocrx_word' id='word_1_84' title='bbox 971 1048 1057 1096; x_wconf 88' lang='grc' dir='ltr'><strong><em>τε,</em></strong></span> <span class='ocrx_word' id='word_1_85' title='bbox 1089 1025 1162 1091; x_wconf 72' lang='grc' dir='ltr'><strong><em>ὥς</em></strong></span> <span class='ocrx_word' id='word_1_86' title='bbox 1189 1025 1388 1094; x_wconf 85' lang='grc' dir='ltr'><strong><em>οἶσθα,</em></strong></span> <span class='ocrx_word' id='word_1_87' title='bbox 1428 1026 1797 1095; x_wconf 86' lang='grc' dir='ltr'><strong><em>προσεδρεύω</em></strong></span> 
     </span>
     <span class='ocr_line' id='line_1_12' title="bbox 88 1112 1798 1182; baseline -0.002 -15"><span class='ocrx_word' id='word_1_88' title='bbox 88 1112 329 1182; x_wconf 91' lang='grc' dir='ltr'><strong><em>χρόνου,</em></strong></span> <span class='ocrx_word' id='word_1_89' title='bbox 365 1115 672 1179; x_wconf 81' lang='grc' dir='ltr'><strong><em>θεραπείας</em></strong></span> <span class='ocrx_word' id='word_1_90' title='bbox 697 1112 802 1180; x_wconf 82' lang='grc' dir='ltr'><strong><em>μὲν</em></strong></span> <span class='ocrx_word' id='word_1_91' title='bbox 827 1115 923 1182; x_wconf 85' lang='grc' dir='ltr'><strong><em>τῆς</em></strong></span> <span class='ocrx_word' id='word_1_92' title='bbox 953 1114 1082 1179; x_wconf 86' lang='grc' dir='ltr'><strong><em>περὶ</em></strong></span> <span class='ocrx_word' id='word_1_93' title='bbox 1119 1113 1181 1168; x_wconf 75' lang='grc' dir='ltr'><strong><em>σὲ</em></strong></span> <span class='ocrx_word' id='word_1_94' title='bbox 1211 1113 1305 1166; x_wconf 85' lang='grc' dir='ltr'><strong><em>καὶ</em></strong></span> <span class='ocrx_word' id='word_1_95' title='bbox 1333 1115 1507 1167; x_wconf 80' lang='grc' dir='ltr'><strong><em>πάλαι</em></strong></span> <span class='ocrx_word' id='word_1_96' title='bbox 1533 1117 1631 1182; x_wconf 84' lang='grc' dir='ltr'><strong><em>τῆς</em></strong></span> <span class='ocrx_word' id='word_1_97' title='bbox 1658 1130 1798 1179; x_wconf 90' lang='grc' dir='ltr'><strong><em>πρε-</em></strong></span> 
     </span>
     <span class='ocr_line' id='line_1_13' title="bbox 88 1194 1796 1267; baseline -0.001 -16"><span class='ocrx_word' id='word_1_98' title='bbox 88 1197 305 1267; x_wconf 87' lang='grc' dir='ltr'><strong><em>πούσης</em></strong></span> <span class='ocrx_word' id='word_1_99' title='bbox 341 1195 515 1251; x_wconf 82' lang='grc' dir='ltr'><strong><em>ούδεν</em></strong></span> <span class='ocrx_word' id='word_1_100' title='bbox 550 1194 862 1266; x_wconf 74' lang='grc' dir='ltr'><strong><em>ἀπολιπών,</em></strong></span> <span class='ocrx_word' id='word_1_101' title='bbox 916 1215 1150 1251; x_wconf 86' lang='grc' dir='ltr'><strong><em>σιωπων</em></strong></span> <span class='ocrx_word' id='word_1_102' title='bbox 1186 1198 1246 1251; x_wconf 79' lang='grc' dir='ltr'><strong><em>δὲ</em></strong></span> <span class='ocrx_word' id='word_1_103' title='bbox 1281 1218 1348 1251; x_wconf 88' lang='grc' dir='ltr'><strong><em>τα</em></strong></span> <span class='ocrx_word' id='word_1_104' title='bbox 1387 1196 1552 1266; x_wconf 80' lang='grc' dir='ltr'><strong><em>ὄντα,</em></strong></span> <span class='ocrx_word' id='word_1_105' title='bbox 1591 1197 1796 1264; x_wconf 79' lang='grc' dir='ltr'><strong><em>καιροῦ</em></strong></span> 
     </span>
     <span class='ocr_line' id='line_1_14' title="bbox 90 1280 1800 1353; baseline -0.001 -18"><span class='ocrx_word' id='word_1_106' title='bbox 90 1283 369 1352; x_wconf 82' lang='grc' dir='ltr'><strong><em>λαβέσθαι</em></strong></span> <span class='ocrx_word' id='word_1_107' title='bbox 408 1280 502 1335; x_wconf 84' lang='grc' dir='ltr'><strong><em>καὶ</em></strong></span> <span class='ocrx_word' id='word_1_108' title='bbox 539 1280 642 1351; x_wconf 76' lang='grc' dir='ltr'><strong><em>τὴν</em></strong></span> <span class='ocrx_word' id='word_1_109' title='bbox 679 1286 906 1335; x_wconf 88' lang='grc' dir='ltr'><strong><em>ταινίαν</em></strong></span> <span class='ocrx_word' id='word_1_110' title='bbox 940 1285 1162 1353; x_wconf 82' lang='grc' dir='ltr'><strong><em>μηχανῇ</em></strong></span> <span class='ocrx_word' id='word_1_111' title='bbox 1198 1281 1311 1337; x_wconf 90' lang='grc' dir='ltr'><strong><em>τινὶ</em></strong></span> <span class='ocrx_word' id='word_1_112' title='bbox 1348 1286 1695 1350; x_wconf 85' lang='grc' dir='ltr'><strong><em>κομίσασθαι</em></strong></span> <span class='ocrx_word' id='word_1_113' title='bbox 1707 1283 1800 1350; x_wconf 78' lang='grc' dir='ltr'><strong><em>εἰς</em></strong></span> 
     </span>
     <span class='ocr_line' id='line_1_15' title="bbox 89 1365 1798 1453; baseline -0.001 -32"><span class='ocrx_word' id='word_1_114' title='bbox 89 1370 283 1422; x_wconf 86' lang='grc' dir='ltr'><strong><em>πίστιν</em></strong></span> <span class='ocrx_word' id='word_1_115' title='bbox 308 1387 425 1421; x_wconf 92' lang='grc' dir='ltr'><strong><em>των</em></strong></span> <span class='ocrx_word' id='word_1_116' title='bbox 451 1365 592 1435; x_wconf 88' lang='grc' dir='ltr'><strong><em>πρὸς</em></strong></span> <span class='ocrx_word' id='word_1_117' title='bbox 613 1367 674 1419; x_wconf 90' lang='grc' dir='ltr'><strong><em>σε</em></strong></span> <span class='ocrx_word' id='word_1_118' title='bbox 696 1366 1109 1435; x_wconf 76' lang='grc' dir='ltr'><strong><em>ρηθησομένων</em></strong></span> <span class='ocrx_word' id='word_1_119' title='bbox 1127 1369 1462 1453; x_wconf 87' lang='grc' dir='ltr'><strong><em>περιμένων.</em></strong></span> <span class='ocrx_word' id='word_1_120' title='bbox 1503 1365 1643 1421; x_wconf 88' lang='grc' dir='ltr'><strong><em>ω’στε</em></strong></span> <span class='ocrx_word' id='word_1_121' title='bbox 1678 1368 1798 1420; x_wconf 87' lang='grc' dir='ltr'><strong><em>ἔνε-</em></strong></span> 
     </span>
    </p>

    <p class='ocr_par' dir='ltr' id='par_1_5' title="bbox 21 1449 1802 1862">
     <span class='ocr_line' id='line_1_16' title="bbox 21 1449 1800 1522; baseline -0.002 -16"><span class='ocrx_word' id='word_1_122' title='bbox 21 1471 62 1506; x_wconf 79' lang='lat'><strong><em>15</em></strong></span> <span class='ocrx_word' id='word_1_123' title='bbox 95 1457 188 1506; x_wconf 90' lang='grc' dir='ltr'><strong><em>στί</em></strong></span> <span class='ocrx_word' id='word_1_124' title='bbox 225 1468 314 1507; x_wconf 87' lang='grc' dir='ltr'><strong><em>σοι</em></strong></span> <span class='ocrx_word' id='word_1_125' title='bbox 352 1452 665 1521; x_wconf 82' lang='grc' dir='ltr'><strong><em>πειθομένῃ</em></strong></span> <span class='ocrx_word' id='word_1_126' title='bbox 691 1451 962 1521; x_wconf 89' lang='grc' dir='ltr'><strong><em>δρασμόν</em></strong></span> <span class='ocrx_word' id='word_1_127' title='bbox 999 1471 1059 1506; x_wconf 86' lang='grc' dir='ltr'><strong><em>τε</em></strong></span> <span class='ocrx_word' id='word_1_128' title='bbox 1096 1453 1198 1507; x_wconf 88' lang='grc' dir='ltr'><strong><em>τὸν</em></strong></span> <span class='ocrx_word' id='word_1_129' title='bbox 1238 1454 1478 1507; x_wconf 79' lang='grc' dir='ltr'><strong><em>ἐνθένδε</em></strong></span> <span class='ocrx_word' id='word_1_130' title='bbox 1516 1451 1628 1506; x_wconf 84' lang='grc' dir='ltr'><strong><em>σὺν</em></strong></span> <span class='ocrx_word' id='word_1_131' title='bbox 1664 1449 1800 1522; x_wconf 83' lang='grc' dir='ltr'><strong><em>ἡμῖν</em></strong></span> 
     </span>
     <span class='ocr_line' id='line_1_17' title="bbox 92 1535 1801 1607; baseline -0.001 -17"><span class='ocrx_word' id='word_1_132' title='bbox 92 1539 433 1607; x_wconf 85' lang='grc' dir='ltr'><strong><em>αιρουμένῃ,</em></strong></span> <span class='ocrx_word' id='word_1_133' title='bbox 473 1540 609 1607; x_wconf 89' lang='grc' dir='ltr'><strong><em>πρίν</em></strong></span> <span class='ocrx_word' id='word_1_134' title='bbox 635 1558 687 1590; x_wconf 92' lang='grc' dir='ltr'><strong><em>τι</em></strong></span> <span class='ocrx_word' id='word_1_135' title='bbox 714 1538 808 1590; x_wconf 86' lang='grc' dir='ltr'><strong><em>καὶ</em></strong></span> <span class='ocrx_word' id='word_1_136' title='bbox 835 1535 975 1605; x_wconf 80' lang='grc' dir='ltr'><strong><em>πρὸς</em></strong></span> <span class='ocrx_word' id='word_1_137' title='bbox 999 1540 1133 1606; x_wconf 89' lang='grc' dir='ltr'><strong><em>βίαν</em></strong></span> <span class='ocrx_word' id='word_1_138' title='bbox 1159 1552 1222 1591; x_wconf 89' lang='grc' dir='ltr'><strong><em>σε</em></strong></span> <span class='ocrx_word' id='word_1_139' title='bbox 1248 1558 1363 1592; x_wconf 90' lang='grc' dir='ltr'><strong><em>των</em></strong></span> <span class='ocrx_word' id='word_1_140' title='bbox 1389 1535 1541 1607; x_wconf 78' lang='grc' dir='ltr'><strong><em>παρὰ</em></strong></span> <span class='ocrx_word' id='word_1_141' title='bbox 1568 1537 1801 1606; x_wconf 77' lang='grc' dir='ltr'><strong><em>γνώμην</em></strong></span> 
     </span>
     <span class='ocr_line' id='line_1_18' title="bbox 90 1614 1801 1693; baseline 0.001 -19"><span class='ocrx_word' id='word_1_142' title='bbox 90 1619 436 1691; x_wconf 82' lang='grc' dir='ltr'><strong><em>ὑποστῆναι,</em></strong></span> <span class='ocrx_word' id='word_1_143' title='bbox 459 1614 481 1678; x_wconf 65' lang='lat' dir='ltr'><strong><em>,f</em></strong></span> <span class='ocrx_word' id='word_1_144' title='bbox 488 1626 591 1675; x_wconf 87' lang='grc' dir='ltr'><strong><em>τοῦ</em></strong></span> <span class='ocrx_word' id='word_1_145' title='bbox 630 1625 979 1690; x_wconf 80' lang='grc' dir='ltr'><strong><em>Χαρικλέους</em></strong></span> <span class='ocrx_word' id='word_1_146' title='bbox 1015 1619 1122 1693; x_wconf 78' lang='grc' dir='ltr'><strong><em>ἤδη</em></strong></span> <span class='ocrx_word' id='word_1_147' title='bbox 1163 1640 1253 1676; x_wconf 90' lang='grc' dir='ltr'><strong><em>σοι</em></strong></span> <span class='ocrx_word' id='word_1_148' title='bbox 1290 1619 1391 1676; x_wconf 87' lang='grc' dir='ltr'><strong><em>τὸν</em></strong></span> <span class='ocrx_word' id='word_1_149' title='bbox 1425 1621 1801 1693; x_wconf 83' lang='grc' dir='ltr'><strong><em>Ἀλκαμένους</em></strong></span> 
     </span>
     <span class='ocr_line' id='line_1_19' title="bbox 90 1695 1802 1779; baseline -0.001 -19"><span class='ocrx_word' id='word_1_150' title='bbox 90 1708 273 1776; x_wconf 82' lang='grc' dir='ltr'><strong><em>γάμον</em></strong></span> <span class='ocrx_word' id='word_1_151' title='bbox 312 1695 758 1774; x_wconf 81' lang='grc' dir='ltr'><strong><em>ἐσπουδακότος,</em></strong></span> <span class='ocrx_word' id='word_1_152' title='bbox 797 1709 961 1775; x_wconf 85' lang='grc' dir='ltr'><strong><em>γένος</em></strong></span> <span class='ocrx_word' id='word_1_153' title='bbox 994 1708 1100 1777; x_wconf 80' lang='grc' dir='ltr'><strong><em>μὲν</em></strong></span> <span class='ocrx_word' id='word_1_154' title='bbox 1136 1707 1229 1761; x_wconf 84' lang='grc' dir='ltr'><strong><em>καὶ</em></strong></span> <span class='ocrx_word' id='word_1_155' title='bbox 1270 1711 1511 1779; x_wconf 88' lang='grc' dir='ltr'><strong><em>πατρίδα</em></strong></span> <span class='ocrx_word' id='word_1_156' title='bbox 1549 1709 1642 1760; x_wconf 84' lang='grc' dir='ltr'><strong><em>καὶ</em></strong></span> <span class='ocrx_word' id='word_1_157' title='bbox 1668 1704 1802 1769; x_wconf 84' lang='grc' dir='ltr'><strong><em>τοὺς</em></strong></span> 
     </span>
     <span class='ocr_line' id='line_1_20' title="bbox 93 1767 1801 1876; baseline 0.001 -32"><span class='ocrx_word' id='word_1_158' title='bbox 93 1791 311 1862; x_wconf 83' lang='grc' dir='ltr'><strong><em>φύντας</em></strong></span> <span class='ocrx_word' id='word_1_159' title='bbox 348 1811 413 1844; x_wconf 93' lang='grc' dir='ltr'><strong><em>κ</em></strong></span> <span class='ocrx_word' id='word_1_160' title='bbox 368 1767 701 1862; x_wconf 44' lang='grc' dir='ltr'><strong><em>ῥμιζεσθαιχ,</em></strong></span> <span class='ocrx_word' id='word_1_161' title='bbox 754 1794 1024 1876; x_wconf 61' lang='grc' dir='ltr'><strong><em>Θεαγένει</em></strong></span> <span class='ocrx_word' id='word_1_162' title='bbox 1063 1794 1125 1846; x_wconf 84' lang='grc' dir='ltr'><strong><em>δὲ</em></strong></span> <span class='ocrx_word' id='word_1_163' title='bbox 1164 1791 1331 1862; x_wconf 83' lang='grc' dir='ltr'><strong><em>ανδρὶ</em></strong></span> <span class='ocrx_word' id='word_1_164' title='bbox 1370 1802 1658 1861; x_wconf 89' lang='grc' dir='ltr'><strong><em>συνεῖναι,</em></strong></span> <span class='ocrx_word' id='word_1_165' title='bbox 1698 1795 1801 1860; x_wconf 82' lang='grc' dir='ltr'><strong><em>γῆς</em></strong></span> 
     </span>
    </p>

    <p class='ocr_par' dir='ltr' id='par_1_6' title="bbox 22 1876 1801 2290">
     <span class='ocr_line' id='line_1_21' title="bbox 22 1876 1800 1960; baseline 0.002 -33"><span class='ocrx_word' id='word_1_166' title='bbox 22 1895 63 1927; x_wconf 81' lang='lat'><strong><em>20</em></strong></span> <span class='ocrx_word' id='word_1_167' title='bbox 95 1876 224 1931; x_wconf 80' lang='grc' dir='ltr'><strong><em>ὅποι</em></strong></span> <span class='ocrx_word' id='word_1_168' title='bbox 251 1879 343 1930; x_wconf 81' lang='grc' dir='ltr'><strong><em>καὶ</em></strong></span> <span class='ocrx_word' id='word_1_169' title='bbox 378 1877 706 1945; x_wconf 85' lang='grc' dir='ltr'><strong><em>βουλόμεθα</em></strong></span> <span class='ocrx_word' id='word_1_170' title='bbox 741 1878 1092 1931; x_wconf 89' lang='grc' dir='ltr'><strong><em>συνέπεσθαι</em></strong></span> <span class='ocrx_word' id='word_1_171' title='bbox 1118 1880 1671 1960; x_wconf 73' lang='grc' dir='ltr'><strong><em>παρεσκευασμένω,</em></strong></span> <span class='ocrx_word' id='word_1_172' title='bbox 1713 1876 1800 1941; x_wconf 81' lang='grc' dir='ltr'><strong><em>ξέ-</em></strong></span> 
     </span>
     <span class='ocr_line' id='line_1_22' title="bbox 92 1959 1799 2033; baseline -0.001 -18"><span class='ocrx_word' id='word_1_173' title='bbox 92 1981 198 2015; x_wconf 90' lang='grc' dir='ltr'><strong><em>νου</em></strong></span> <span class='ocrx_word' id='word_1_174' title='bbox 226 1963 287 2016; x_wconf 81' lang='grc' dir='ltr'><strong><em>δὲ</em></strong></span> <span class='ocrx_word' id='word_1_175' title='bbox 315 1960 409 2014; x_wconf 86' lang='grc' dir='ltr'><strong><em>καὶ</em></strong></span> <span class='ocrx_word' id='word_1_176' title='bbox 436 1959 670 2015; x_wconf 88' lang='grc' dir='ltr'><strong><em>ὀθνειόυ</em></strong></span> <span class='ocrx_word' id='word_1_177' title='bbox 696 1962 936 2031; x_wconf 86' lang='grc' dir='ltr'><strong><em>γνήσιον</em></strong></span> <span class='ocrx_word' id='word_1_178' title='bbox 963 1963 1108 2016; x_wconf 79' lang='grc' dir='ltr'><strong><em>καὶ’</em></strong></span> <span class='ocrx_word' id='word_1_179' title='bbox 1084 1963 1332 2033; x_wconf 86' lang='grc' dir='ltr'><strong><em>α’ρχοντα</em></strong></span> <span class='ocrx_word' id='word_1_180' title='bbox 1358 1966 1488 2032; x_wconf 87' lang='grc' dir='ltr'><strong><em>βίον</em></strong></span> <span class='ocrx_word' id='word_1_181' title='bbox 1516 1961 1799 2016; x_wconf 84' lang='grc' dir='ltr'><strong><em>ανταλλοὶ-</em></strong></span> 
     </span>
     <span class='ocr_line' id='line_1_23' title="bbox 92 2045 1801 2117; baseline -0.001 -17"><span class='ocrx_word' id='word_1_182' title='bbox 92 2047 297 2111; x_wconf 84' lang='grc' dir='ltr'><strong><em>ξασθαι</em></strong></span> <span class='ocrx_word' id='word_1_183' title='bbox 324 2045 433 2099; x_wconf 84' lang='grc' dir='ltr'><strong><em>σὺν</em></strong></span> <span class='ocrx_word' id='word_1_184' title='bbox 459 2052 534 2117; x_wconf 78' lang='grc' dir='ltr'><strong><em>τῷ</em></strong></span> <span class='ocrx_word' id='word_1_185' title='bbox 572 2047 823 2117; x_wconf 73' lang='grc' dir='ltr'><strong><em>φιλτάτῳ</em></strong></span> <span class='ocrx_word' id='word_1_186' title='bbox 860 2049 1301 2117; x_wconf 85' lang='grc' dir='ltr'><strong><em>βασιλεύουσαν,</em></strong></span> <span class='ocrx_word' id='word_1_187' title='bbox 1343 2054 1398 2101; x_wconf 78' lang='grc' dir='ltr'><strong><em>εἴ</em></strong></span> <span class='ocrx_word' id='word_1_188' title='bbox 1429 2070 1482 2102; x_wconf 93' lang='grc' dir='ltr'><strong><em>τι</em></strong></span> <span class='ocrx_word' id='word_1_189' title='bbox 1522 2050 1610 2101; x_wconf 90' lang='grc' dir='ltr'><strong><em>δεῖ</em></strong></span> <span class='ocrx_word' id='word_1_190' title='bbox 1642 2054 1801 2109; x_wconf 81' lang='grc' dir='ltr'><strong><em>θεοῖς</em></strong></span> 
     </span>
     <span class='ocr_line' id='line_1_24' title="bbox 91 2128 1797 2204; baseline 0.001 -21"><span class='ocrx_word' id='word_1_191' title='bbox 91 2151 150 2185; x_wconf 95' lang='grc' dir='ltr'><strong><em>τε</em></strong></span> <span class='ocrx_word' id='word_1_192' title='bbox 176 2141 292 2195; x_wconf 87' lang='grc' dir='ltr'><strong><em>τοῖς</em></strong></span> <span class='ocrx_word' id='word_1_193' title='bbox 318 2128 509 2193; x_wconf 77' lang='grc' dir='ltr'><strong><em>ἄλλοις</em></strong></span> <span class='ocrx_word' id='word_1_194' title='bbox 546 2131 640 2184; x_wconf 87' lang='grc' dir='ltr'><strong><em>καὶ</em></strong></span> <span class='ocrx_word' id='word_1_195' title='bbox 666 2134 742 2202; x_wconf 75' lang='grc' dir='ltr'><strong><em>τῷ</em></strong></span> <span class='ocrx_word' id='word_1_196' title='bbox 777 2138 1005 2204; x_wconf 79' lang='grc' dir='ltr'><strong><em>χρησμῷ</em></strong></span> <span class='ocrx_word' id='word_1_197' title='bbox 1031 2137 1133 2187; x_wconf 87' lang='grc' dir='ltr'><strong><em>τοῦ</em></strong></span> <span class='ocrx_word' id='word_1_198' title='bbox 1160 2137 1396 2188; x_wconf 89' lang='grc' dir='ltr'><strong><em>Πυθίου</em></strong></span> <span class='ocrx_word' id='word_1_199' title='bbox 1423 2131 1797 2186; x_wconf 87' lang='grc' dir='ltr'><strong><em>καταπιστεύ-</em></strong></span> 
     </span>
     <span class='ocr_line' id='line_1_25' title="bbox 94 2213 1799 2290; baseline 0.001 -21"><span class='ocrx_word' id='word_1_200' title='bbox 94 2235 196 2269; x_wconf 89' lang='grc' dir='ltr'><strong><em>ειν.</em></strong></span> <span class='ocrx_word' id='word_1_201' title='bbox 256 2215 351 2269; x_wconf 85' lang='grc' dir='ltr'><strong><em>καὶ</em></strong></span> <span class='ocrx_word' id='word_1_202' title='bbox 376 2215 486 2283; x_wconf 75' lang='grc' dir='ltr'><strong><em>ἅμα</em></strong></span> <span class='ocrx_word' id='word_1_203' title='bbox 512 2213 941 2286; x_wconf 84' lang='grc' dir='ltr'><strong><em>ὑπεμίμνησκον</em></strong></span> <span class='ocrx_word' id='word_1_204' title='bbox 966 2217 1067 2272; x_wconf 88' lang='grc' dir='ltr'><strong><em>τὸν</em></strong></span> <span class='ocrx_word' id='word_1_205' title='bbox 1092 2220 1369 2290; x_wconf 90' lang='grc' dir='ltr'><strong><em>χρησμόν,</em></strong></span> <span class='ocrx_word' id='word_1_206' title='bbox 1398 2218 1491 2272; x_wconf 82' lang='grc' dir='ltr'><strong><em>καὶ</em></strong></span> <span class='ocrx_word' id='word_1_207' title='bbox 1519 2217 1551 2271; x_wconf 80' lang='grc' dir='ltr'><strong><em>δ’</em></strong></span> <span class='ocrx_word' id='word_1_208' title='bbox 1576 2238 1628 2271; x_wconf 92' lang='grc' dir='ltr'><strong><em>τι</em></strong></span> <span class='ocrx_word' id='word_1_209' title='bbox 1654 2217 1799 2286; x_wconf 91' lang='grc' dir='ltr'><strong><em>βού-</em></strong></span> 
     </span>
    </p>

    <p class='ocr_par' dir='ltr' id='par_1_7' title="bbox 24 2297 1798 2457">
     <span class='ocr_line' id='line_1_26' title="bbox 24 2297 1798 2376; baseline 0.001 -23"><span class='ocrx_word' id='word_1_210' title='bbox 24 2318 65 2352; x_wconf 82' lang='lat'><strong><em>25</em></strong></span> <span class='ocrx_word' id='word_1_211' title='bbox 97 2305 249 2354; x_wconf 92' lang='grc' dir='ltr'><strong><em>λοιτο</em></strong></span> <span class='ocrx_word' id='word_1_212' title='bbox 271 2303 538 2370; x_wconf 80' lang='grc' dir='ltr'><strong><em>ἔφραζον·</em></strong></span> <span class='ocrx_word' id='word_1_213' title='bbox 568 2297 638 2354; x_wconf 87' lang='grc' dir='ltr'><strong><em>ού</em></strong></span> <span class='ocrx_word' id='word_1_214' title='bbox 658 2299 767 2370; x_wconf 74' lang='grc' dir='ltr'><strong><em>γάρ</em></strong></span> <span class='ocrx_word' id='word_1_215' title='bbox 792 2300 1036 2373; x_wconf 80' lang='grc' dir='ltr'><strong><em>ἠγνόητο</em></strong></span> <span class='ocrx_word' id='word_1_216' title='bbox 1063 2309 1131 2375; x_wconf 84' lang='grc' dir='ltr'><strong><em>τῇ</em></strong></span> <span class='ocrx_word' id='word_1_217' title='bbox 1155 2307 1464 2376; x_wconf 76' lang='grc' dir='ltr'><strong><em>Χαρικλείᾳ</em></strong></span> <span class='ocrx_word' id='word_1_218' title='bbox 1485 2300 1636 2372; x_wconf 82' lang='grc' dir='ltr'><strong><em>παρὰ</em></strong></span> <span class='ocrx_word' id='word_1_219' title='bbox 1658 2305 1798 2356; x_wconf 90' lang='grc' dir='ltr'><strong><em>πολ-</em></strong></span> 
     </span>
     <span class='ocr_line' id='line_1_27' title="bbox 92 2384 1162 2457; baseline 0.003 -19"><span class='ocrx_word' id='word_1_220' title='bbox 92 2388 208 2438; x_wconf 76' lang='grc' dir='ltr'><strong><em>λῶν</em></strong></span> <span class='ocrx_word' id='word_1_221' title='bbox 247 2385 339 2439; x_wconf 81' lang='grc' dir='ltr'><strong><em>καὶ</em></strong></span> <span class='ocrx_word' id='word_1_222' title='bbox 377 2384 651 2457; x_wconf 78' lang='grc' dir='ltr'><strong><em>ᾀδόμενος</em></strong></span> <span class='ocrx_word' id='word_1_223' title='bbox 687 2386 778 2439; x_wconf 85' lang='grc' dir='ltr'><strong><em>καὶ</em></strong></span> <span class='ocrx_word' id='word_1_224' title='bbox 815 2388 1162 2457; x_wconf 83' lang='grc' dir='ltr'><strong><em>ζητούμενος.</em></strong></span> 
     </span>
    </p>

    <p class='ocr_par' dir='ltr' id='par_1_8' title="bbox 91 2468 1797 2710">
     <span class='ocr_line' id='line_1_28' title="bbox 201 2468 1797 2544; baseline 0.001 -20"><span class='ocrx_word' id='word_1_225' title='bbox 201 2468 559 2540; x_wconf 58' lang='grc' dir='ltr'><strong><em>έπάγηὶπρὸς</em></strong></span> <span class='ocrx_word' id='word_1_226' title='bbox 585 2475 790 2540; x_wconf 84' lang='grc' dir='ltr'><strong><em>ταῦτα,</em></strong></span> <span class='ocrx_word' id='word_1_227' title='bbox 832 2474 926 2526; x_wconf 82' lang='grc' dir='ltr'><strong><em>καὶ</em></strong></span> <span class='ocrx_word' id='word_1_228' title='bbox 955 2474 1147 2543; x_wconf 77' lang='grc' dir='ltr'><strong><em>ἐπειδὴ</em></strong></span> <span class='ocrx_word' id='word_1_229' title='bbox 1187 2472 1390 2544; x_wconf 89' lang='grc' dir='ltr'><strong><em>θεούς,</em></strong></span> <span class='ocrx_word' id='word_1_230' title='bbox 1433 2471 1608 2543; x_wconf 80' lang='grc' dir='ltr'><strong><em>εἶπεν,</em></strong></span> <span class='ocrx_word' id='word_1_231' title='bbox 1649 2471 1797 2526; x_wconf 84' lang='grc' dir='ltr'><strong><em>οὕτω</em></strong></span> 
     </span>
     <span class='ocr_line' id='line_1_29' title="bbox 91 2554 1797 2630; baseline 0.002 -23"><span class='ocrx_word' id='word_1_232' title='bbox 91 2556 407 2624; x_wconf 89' lang='grc' dir='ltr'><strong><em>βούλεσθαι</em></strong></span> <span class='ocrx_word' id='word_1_233' title='bbox 436 2556 510 2608; x_wconf 91' lang='grc' dir='ltr'><strong><em>σύ</em></strong></span> <span class='ocrx_word' id='word_1_234' title='bbox 536 2575 595 2608; x_wconf 90' lang='grc' dir='ltr'><strong><em>τε</em></strong></span> <span class='ocrx_word' id='word_1_235' title='bbox 621 2555 732 2627; x_wconf 83' lang='grc' dir='ltr'><strong><em>φῂς</em></strong></span> <span class='ocrx_word' id='word_1_236' title='bbox 760 2554 873 2625; x_wconf 72' lang='grc' dir='ltr'><strong><em>ἐγώ</em></strong></span> <span class='ocrx_word' id='word_1_237' title='bbox 900 2578 960 2611; x_wconf 87' lang='grc' dir='ltr'><strong><em>τε</em></strong></span> <span class='ocrx_word' id='word_1_238' title='bbox 987 2562 1286 2629; x_wconf 82' lang='grc' dir='ltr'><strong><em>πείθομαι,</em></strong></span> <span class='ocrx_word' id='word_1_239' title='bbox 1315 2563 1372 2613; x_wconf 91' lang='grc' dir='ltr'><strong><em>τί</em></strong></span> <span class='ocrx_word' id='word_1_240' title='bbox 1394 2558 1496 2630; x_wconf 78' lang='grc' dir='ltr'><strong><em>χρή</em></strong></span> <span class='ocrx_word' id='word_1_241' title='bbox 1531 2558 1797 2627; x_wconf 82' lang='grc' dir='ltr'><strong><em>πράττειν</em></strong></span> 
     </span>
     <span class='ocr_line' id='line_1_30' title="bbox 95 2639 1795 2742; baseline 0.002 -51"><span class='ocrx_word' id='word_1_242' title='bbox 95 2660 136 2692; x_wconf 92' lang='grc' dir='ltr'><em>ω</em></span> <span class='ocrx_word' id='word_1_243' title='bbox 166 2639 366 2708; x_wconf 85' lang='grc' dir='ltr'><strong><em>πάτερ;</em></strong></span> <span class='ocrx_word' id='word_1_244' title='bbox 406 2643 780 2742; x_wconf 80' lang='grc' dir='ltr'><strong><em>πλάττεσθαι,</em></strong></span> <span class='ocrx_word' id='word_1_245' title='bbox 821 2639 999 2710; x_wconf 82' lang='grc' dir='ltr'><strong><em>εἷπον,</em></strong></span> <span class='ocrx_word' id='word_1_246' title='bbox 1039 2665 1114 2707; x_wconf 91' lang='grc' dir='ltr'><strong><em>ως</em></strong></span> <span class='ocrx_word' id='word_1_247' title='bbox 1142 2646 1528 2699; x_wconf 85' lang='grc' dir='ltr'><strong><em>ἐπινεύουσαν</em></strong></span> <span class='ocrx_word' id='word_1_248' title='bbox 1554 2642 1654 2697; x_wconf 83' lang='grc' dir='ltr'><strong><em>τὸν</em></strong></span> <span class='ocrx_word' id='word_1_249' title='bbox 1678 2642 1795 2695; x_wconf 88' lang='grc' dir='ltr'><strong><em>’Λλ-</em></strong></span> 
     </span>
    </p>

    <p class='ocr_par' dir='ltr' id='par_1_9' title="bbox 22 2724 1796 2819">
     <span class='ocr_line' id='line_1_31' title="bbox 22 2724 1796 2819; baseline 0.003 -45"><span class='ocrx_word' id='word_1_250' title='bbox 22 2738 65 2774; x_wconf 73' lang='grc'><strong><em>30</em></strong></span> <span class='ocrx_word' id='word_1_251' title='bbox 96 2725 373 2792; x_wconf 89' lang='grc' dir='ltr'><strong><em>καμένονς</em></strong></span> <span class='ocrx_word' id='word_1_252' title='bbox 397 2725 592 2792; x_wconf 84' lang='grc' dir='ltr'><strong><em>γάμον.</em></strong></span> <span class='ocrx_word' id='word_1_253' title='bbox 655 2724 693 2794; x_wconf 76' lang='grc' dir='ltr'><strong><em>η’</em></strong></span> <span class='ocrx_word' id='word_1_254' title='bbox 720 2727 808 2794; x_wconf 86' lang='grc' dir='ltr'><strong><em>δέ,</em></strong></span> <span class='ocrx_word' id='word_1_255' title='bbox 850 2727 1000 2795; x_wconf 76' lang='grc' dir='ltr'><strong><em>βαρύ</em></strong></span> <span class='ocrx_word' id='word_1_256' title='bbox 1036 2730 1157 2819; x_wconf 88' lang='grc' dir='ltr'><strong><em>μέν,</em></strong></span> <span class='ocrx_word' id='word_1_257' title='bbox 1196 2732 1331 2798; x_wconf 83' lang='grc' dir='ltr'><strong><em>ἔφη,</em></strong></span> <span class='ocrx_word' id='word_1_258' title='bbox 1374 2730 1467 2782; x_wconf 85' lang='grc' dir='ltr'><strong><em>καὶ</em></strong></span> <span class='ocrx_word' id='word_1_259' title='bbox 1494 2727 1679 2789; x_wconf 80' lang='grc' dir='ltr'><strong><em>ἄλλως</em></strong></span> <span class='ocrx_word' id='word_1_260' title='bbox 1705 2728 1796 2779; x_wconf 92' lang='grc' dir='ltr'><strong><em>αι’-</em></strong></span> 
     </span>
    </p>

    <p class='ocr_par' dir='ltr' id='par_1_10' title="bbox 23 2797 1798 2966">
     <span class='ocr_line' id='line_1_32' title="bbox 23 2797 1798 2883; baseline 0 -21"><span class='ocrx_word' id='word_1_261' title='bbox 23 2834 26 2837; x_wconf 49' lang='grc'>“</span> <span class='ocrx_word' id='word_1_262' title='bbox 95 2807 287 2877; x_wconf 91' lang='grc' dir='ltr'><strong><em>σχρόν,</em></strong></span> <span class='ocrx_word' id='word_1_263' title='bbox 328 2808 390 2862; x_wconf 84' lang='grc' dir='ltr'><strong><em>τὸ</em></strong></span> <span class='ocrx_word' id='word_1_264' title='bbox 420 2811 513 2862; x_wconf 80' lang='grc' dir='ltr'><strong><em>καὶ</em></strong></span> <span class='ocrx_word' id='word_1_265' title='bbox 453 2830 730 2880; x_wconf 57' lang='grc' dir='ltr'><strong><em>Μρις</em></strong></span> <span class='ocrx_word' id='word_1_266' title='bbox 708 2797 1141 2883; x_wconf 64' lang='grc' dir='ltr'><strong><em>ἐπαγγελίας</em></strong></span> <span class='ocrx_word' id='word_1_267' title='bbox 1119 2833 1313 2882; x_wconf 90' lang='grc' dir='ltr'><strong><em>ετερον</em></strong></span> <span class='ocrx_word' id='word_1_268' title='bbox 1340 2812 1449 2881; x_wconf 86' lang='grc' dir='ltr'><strong><em>πρὸ</em></strong></span> <span class='ocrx_word' id='word_1_269' title='bbox 1480 2810 1798 2880; x_wconf 80' lang='grc' dir='ltr'><strong><em>Θεαγένους</em></strong></span> 
     </span>
     <span class='ocr_line' id='line_1_33' title="bbox 96 2893 1797 2966; baseline 0 -20"><span class='ocrx_word' id='word_1_270' title='bbox 96 2893 398 2960; x_wconf 76' lang='grc' dir='ltr'><strong><em>αἱρεῖσθαι.</em></strong></span> <span class='ocrx_word' id='word_1_271' title='bbox 440 2893 590 2964; x_wconf 89' lang='grc' dir='ltr'><strong><em>πλην</em></strong></span> <span class='ocrx_word' id='word_1_272' title='bbox 616 2893 743 2948; x_wconf 81' lang='grc' dir='ltr'><strong><em>ἀλλ’</em></strong></span> <span class='ocrx_word' id='word_1_273' title='bbox 770 2896 892 2949; x_wconf 85' lang='grc' dir='ltr'><strong><em>ἐπει</em></strong></span> <span class='ocrx_word' id='word_1_274' title='bbox 918 2903 1075 2961; x_wconf 83' lang='grc' dir='ltr'><strong><em>θεοῖς</em></strong></span> <span class='ocrx_word' id='word_1_275' title='bbox 1099 2919 1159 2952; x_wconf 89' lang='grc' dir='ltr'><strong><em>τε</em></strong></span> <span class='ocrx_word' id='word_1_276' title='bbox 1185 2900 1279 2952; x_wconf 83' lang='grc' dir='ltr'><strong><em>καὶ</em></strong></span> <span class='ocrx_word' id='word_1_277' title='bbox 1301 2901 1389 2952; x_wconf 84' lang='grc' dir='ltr'><strong><em>σοὶ</em></strong></span> <span class='ocrx_word' id='word_1_278' title='bbox 1416 2917 1593 2966; x_wconf 85' lang='grc' dir='ltr'><strong><em>πατερ</em></strong></span> <span class='ocrx_word' id='word_1_279' title='bbox 1622 2896 1797 2964; x_wconf 78' lang='grc' dir='ltr'><strong><em>ἐμαυ-</em></strong></span> 
     </span>
    </p>
   </div>
  </div>
 </body>
</html>
