1916 3132
84 0 346 38 er'sff·
451 0 603 29 ff..
646 0 652 3 ,
710 0 860 35 777

754 133 882 178 CAP.
915 131 1104 176 X—-XII
1707 132 1775 186 31

197 255 354 310 Diem
395 258 629 309 ceterum
659 253 873 307 lauacro
907 272 967 306 ac
999 253 1120 306 dein
1153 271 1310 307 cenae
1344 253 1598 307 dedimus,
1654 272 1779 306 nam

85 330 305 385 Milonis
345 330 474 384 boni
524 321 992 383 concinnaticiaml
1012 328 1309 381 mensulam
1356 331 1576 398 rogatus
1624 328 1779 381 adcu-

86 406 306 460 bueram
332 423 492 475 quam
509 408 635 474 pote
652 407 803 456 tutus
830 402 895 455 ab
911 403 1093 455 uxoris
1119 403 1232 456 eius
1258 407 1492 472 aspectu,
1516 402 1779 472 Byrrhae-

4 496 13 528 1
86 499 185 534 nae
216 481 543 534 monitorum
567 497 786 547 memor,
810 481 864 530 et
886 477 1104 546 perinde
1137 478 1193 530 in
1226 478 1341 530 eius
1372 477 1563 531 faciem
1596 477 1779 531 oculos

6 576 63 618 <5
86 574 235 609 meos
282 573 342 608 ac
388 554 434 607 si
480 554 536 606 in
581 552 859 606 Auernum
905 551 1080 604 lacum
1127 552 1421 604 formidans
1473 552 1779 606 deieceram.

9 627 11 631 ⁴
88 630 182 683 sed
221 629 438 683 adsidue
477 628 767 697 respiciens
802 626 1325 696 praeministrantem
1358 626 1605 680 Fotidem
1644 627 1780 681 inibi

85 704 361 758 recreabar
386 702 566 772 animi⁷
590 721 711 755 cum
736 720 856 755 ecce
881 702 988 753 iam
1021 719 1244 770 uespera
1267 701 1539 754 lucernam
1566 702 1780 756 intuens

86 779 158 848 [p.
177 778 263 831 25.
286 778 375 847 1⁴1]
415 777 695 846 Pamphile
728 776 908 845 ‘quam
939 775 1144 845 largus'
1176 775 1354 845 inquit
1386 776 1578 829 ‘imber
1610 777 1780 830 aderit

85 853 338 907 crastino'
377 856 431 905 et
476 851 813 921 percontanti
858 850 1053 903 marito
1103 851 1195 919 qui
1240 850 1587 919 comperisset
1635 851 1780 904 istud

18 948 63 981 ιο
85 927 362 997 respondit
392 927 496 980 sibi
527 926 799 979 lucernam
829 925 1146 995 praedicere.
1199 925 1342 994 quod
1374 925 1576 978 dictum
1608 925 1779 994 ipsius

84 1000 217 1055 Milo
265 1002 378 1055 risu
429 1004 643 1054 secutus
698 999 993 1071 ‘grandem'
1048 999 1227 1069 inquit
1282 999 1460 1052 ‘istam
1506 999 1779 1053 lucernam

3 1124 6 1127 Α
87 1074 350 1146 Sibyllam
388 1076 673 1146 pascimUS,
712 1093 846 1145 quae
887 1077 1078 1127 cuncta
1110 1074 1242 1127 caeli
1274 1074 1491 1144 negotia
1526 1078 1580 1127 et
1612 1074 1779 1128 solem

85 1152 261 1220 ipsum
302 1151 365 1204 de
405 1150 620 1220 specula
658 1149 959 1203 candelabri
1001 1149 1316 1202 contuetur.'

195 1223 315 1278 XII.
391 1223 479 1277 Ad
523 1225 653 1278 haec
701 1242 799 1294 ego
847 1224 1116 1277 subiciens
1164 1223 1329 1275 esunt'
1384 1223 1467 1275 aio
1516 1223 1780 1294 ς<Ροινιια>

18 1321 62 1354 15
86 1300 260 1369 prima
282 1299 502 1353 huiusce
528 1299 875 1352 diuinationis
900 1298 1279 1367 experimenta,
1311 1316 1407 1350 nec
1431 1297 1628 1350 mirum
1651 1297 1779 1351 licet

84 1375 353 1428 modicum
400 1374 565 1427 istum
604 1373 901 1444 igniculum
949 1376 1003 1425 et
1048 1372 1297 1425 manibus
1343 1371 1593 1424 humanis
1632 1371 1777 1425 labo-

84 1453 276 1518 ratum,
306 1467 597 1502 memorem
628 1452 809 1501 tamen
841 1447 987 1500 ilh'us
1018 1447 1238 1499 maioris
1272 1449 1325 1499 et
1357 1446 1602 1499 caelestis
1634 1447 1778 1517 ignis

38 1517 41 1521 ¹
84 1523 234 1577 uelut
274 1523 358 1576 sui
396 1523 648 1592 parentiS,
689 1522 819 1591 quid
854 1523 901 1575 is
939 1523 1010 1575 sit
1039 1521 1279 1574 editurus
1312 1522 1368 1573 in
1399 1521 1630 1574 aetheris
1664 1540 1778 1575 uer-

84 1598 188 1651 tice
222 1597 404 1650 diuino
436 1597 716 1666 praesagio
749 1600 803 1648 et
834 1596 1011 1665 ipsum
1045 1596 1179 1648 scire
1212 1599 1265 1649 et
1295 1596 1451 1648 nobis
1485 1597 1776 1649 enuntiare.

14 1694 60 1728 20
83 1690 207 1724 nam
247 1675 300 1724 et
332 1670 578 1724 Corinthi
615 1689 758 1724 nunc
797 1671 937 1740 apud
976 1689 1073 1723 nos
1105 1671 1305 1739 passim
1332 1669 1629 1723 Chaldaeus
1663 1671 1777 1740 qui-

84 1746 204 1798 dam
227 1745 424 1815 hospes
447 1746 599 1798 miris
631 1749 802 1798 totam
835 1745 1109 1798 ciuitatem
1143 1745 1413 1814 responsis
1439 1744 1777 1798 turbulentat

82 1824 136 1873 et
174 1838 364 1872 arcana
401 1820 634 1873 fatorum
675 1819 904 1888 stipibus
938 1819 1230 1872 emerendis
1271 1819 1432 1872 edicit
1471 1819 1526 1871 in
1558 1820 1776 1890 uulgus:

83 1895 175 1964 qui
216 1894 328 1947 dies
367 1894 585 1964 copulas
624 1895 934 1963 nuptiarum
983 1894 1249 1963 adfirmet,
1289 1894 1382 1963 qui
1428 1894 1777 1947 fundamenta

82 1969 351 2022 moenium
406 1972 712 2038 perpetuet,
767 1970 859 2038 qui
913 1969 1239 2039 negotiatori
1295 1968 1606 2021 commodus
1616 2011 1629 2038 ,
1684 1970 1776 2038 qui

17 2063 60 2099 25
83 2043 279 2096 uiatori
318 2042 573 2112 salubris,
613 2044 704 2113 qui
743 2043 976 2113 nauigiis
1017 2047 1335 2112 oportunus3
1375 2043 1509 2095 mihi
1550 2044 1776 2114 denique

82 2120 402 2187 prouentum
449 2117 610 2170 huius
659 2118 1106 2188 peregrinationis
1158 2118 1451 2187 inquirenti
1490 2118 1662 2170 multa
1700 2137 1776 2171 re-

84 2191 299 2261 spondit
354 2195 407 2244 et
462 2192 657 2261 oppido
706 2192 843 2245 mira
893 2196 948 2245 et
998 2193 1128 2244 satis
1183 2193 1344 2244 uaria.
1437 2211 1579 2244 nunc
1634 2193 1776 2246 enim

83 2266 309 2335 gloriam
350 2266 481 2319 satis
520 2267 781 2336 floridam,
820 2285 962 2319 nunc
999 2267 1283 2320 historiam
1323 2284 1573 2336 magnam
1615 2271 1668 2320 et
1699 2268 1775 2319 in-

14 2366 15 2369 *
84 2340 402 2393 credundam
441 2341 679 2394 fabulam
721 2345 773 2394 et
811 2341 979 2394 libros
1019 2360 1103 2394 me
1143 2341 1400 2394 futurum.

206 2534 228 2572 1
263 2512 419 2575 oeterni
449 2544 567 2577 *ssss*
598 2531 820 2577 lauacro*
852 2532 887 2575 F
1008 2536 1060 2575 11
1102 2531 1292 2576 lucerno
1332 2531 1459 2589 Ε’ῑφ1
1497 2531 1684 2576 lucerne
1716 2530 1775 2574 F2

83 2588 323 2633 lucernam
355 2588 415 2646 φ’
535 2596 589 2635 12
620 2591 855 2648 parcimus
889 2592 970 2647 Εφ
1096 2596 1151 2634 14
1183 2605 1269 2648 ego
1302 2606 1384 2637 om.
1420 2608 1455 2647 φ
1557 2590 1773 2650 (parva)

84 2649 261 2693 inserui
297 2649 354 2703 ef.
389 2649 446 2694 R.
468 2650 522 2694 d.
557 2651 642 2696 Ph.
678 2655 789 2695 1885
825 2666 873 2708 p.
903 2656 987 2695 100
1141 2655 1194 2695 16
1235 2650 1360 2696 istst*
1400 2668 1435 2708 φ
1490 2650 1618 2694 istud
1657 2649 1773 2705 Peg

87 2711 141 2751 18
182 2706 296 2763 quid
328 2706 368 2751 is
410 2707 472 2753 sit
501 2711 664 2767 scripsi
708 2709 812 2766 quis
846 2712 969 2754 esset
1001 2710 1082 2766 Fq>
1132 2709 1247 2766 quid
1279 2712 1402 2755 esset
1434 2712 1463 2754 ὃ
1486 2711 1538 2754 Ε.
1587 2707 1700 2764 quid
1731 2707 1771 2751 is

84 2770 207 2812 esset
239 2766 397 2811 Rohde
502 2773 570 2812 21.
589 2773 645 2813 22
677 2769 950 2814 turbulenta
983 2771 1030 2813 et
1062 2769 1268 2814 archana
1300 2770 1381 2826 Εφ
1498 2774 1552 2811 23
1584 2765 1772 2823 nuptia-

83 2836 186 2869 rum
217 2825 275 2869 F¹
307 2827 479 2871 Petsch.
533 2827 768 2885 nuptiales
801 2829 899 2873 1³²3
916 2829 966 2873 E.
1023 2828 1250 2885 nuptialis
1284 2846 1319 2885 φ
1472 2833 1527 2871 25
1570 2825 1770 2870 salubris

17 2906 19 2935 3
52 2902 58 2906 ·
87 2884 259 2930 Gornel.
294 2886 465 2931 Petsch.
522 2886 717 2931 celebris
750 2890 849 2934 cdd.
945 2892 999 2931 26
1032 2886 1289 2943 inquirenti
1323 2888 1400 2932 Fa
1435 2884 1699 2942 acquirenti
1732 2896 1770 2939 φ

16 2948 20 3008 ξ
85 2944 353 3000 anquirenti
389 2945 501 2990 Oud.
625 2950 693 2992 28.
714 2951 768 2991 29
801 2947 1135 2992 incredendam
1167 2965 1202 3004 φ
