<?xml version="1.0" encoding="UTF-8"?>
<!DOCTYPE html PUBLIC "-//W3C//DTD XHTML 1.0 Transitional//EN"
    "http://www.w3.org/TR/xhtml1/DTD/xhtml1-transitional.dtd">
<html xmlns="http://www.w3.org/1999/xhtml" xml:lang="en" lang="en">
 <head>
  <title>
</title>
<meta http-equiv="Content-Type" content="text/html;charset=utf-8" />
  <meta name='ocr-system' content='tesseract 3.04.00' />
  <meta name='ocr-capabilities' content='ocr_page ocr_carea ocr_par ocr_line ocrx_word'/>
</head>
<body>
  <div class='ocr_page' id='page_1' title='image "./aethiopicorumlib00heliuoft_0561.png"; bbox 0 0 1916 3132; ppageno 0'>
   <div class='ocr_carea' id='block_1_1' title="bbox 702 128 1786 182">
    <p class='ocr_par' dir='ltr' id='par_1_1' title="bbox 702 128 1786 182">
     <span class='ocr_line' id='line_1_1' title="bbox 702 128 1786 182; baseline 0.006 -6"><span class='ocrx_word' id='word_1_1' title='bbox 702 130 829 176; x_wconf 81' lang='lat' dir='ltr'>OAP.</span> <span class='ocrx_word' id='word_1_2' title='bbox 863 129 1182 175; x_wconf 77' lang='lat' dir='ltr'><strong>XVI—XVIII</strong></span> <span class='ocrx_word' id='word_1_3' title='bbox 1543 139 1546 142; x_wconf 76' lang='grc'><em>’</em></span> <span class='ocrx_word' id='word_1_4' title='bbox 1654 153 1658 158; x_wconf 93' lang='grc'><strong><em>·</em></strong></span> <span class='ocrx_word' id='word_1_5' title='bbox 1681 128 1786 182; x_wconf 81' lang='grc'>201</span> 
     </span>
    </p>
   </div>
   <div class='ocr_carea' id='block_1_2' title="bbox 14 230 1916 2554">
    <p class='ocr_par' dir='ltr' id='par_1_2' title="bbox 14 230 1916 2554">
     <span class='ocr_line' id='line_1_2' title="bbox 98 230 1792 323; baseline -0.002 -17"><span class='ocrx_word' id='word_1_6' title='bbox 98 253 299 307; x_wconf 87' lang='lat' dir='ltr'>tionem</span> <span class='ocrx_word' id='word_1_7' title='bbox 330 256 542 323; x_wconf 85' lang='lat' dir='ltr'>pararet</span> <span class='ocrx_word' id='word_1_8' title='bbox 571 230 990 322; x_wconf 77' lang='lat' dir='ltr'>pudicitiamque</span> <span class='ocrx_word' id='word_1_9' title='bbox 1022 270 1173 304; x_wconf 90' lang='lat' dir='ltr'>carae</span> <span class='ocrx_word' id='word_1_10' title='bbox 1206 250 1449 322; x_wconf 85' lang='lat' dir='ltr'>coniugis</span> <span class='ocrx_word' id='word_1_11' title='bbox 1474 269 1792 305; x_wconf 86' lang='lat' dir='ltr'>conseruare</span> 
     </span>
     <span class='ocr_line' id='line_1_3' title="bbox 99 325 1792 400; baseline -0.002 -19"><span class='ocrx_word' id='word_1_12' title='bbox 99 346 319 381; x_wconf 90' lang='lat' dir='ltr'>summa</span> <span class='ocrx_word' id='word_1_13' title='bbox 346 327 625 398; x_wconf 86' lang='lat' dir='ltr'>diligentia</span> <span class='ocrx_word' id='word_1_14' title='bbox 671 330 902 395; x_wconf 83' lang='lat' dir='ltr'>cuperet,</span> <span class='ocrx_word' id='word_1_15' title='bbox 941 325 1213 378; x_wconf 91' lang='lat' dir='ltr'>seruulum</span> <span class='ocrx_word' id='word_1_16' title='bbox 1254 344 1410 378; x_wconf 90' lang='lat' dir='ltr'>suum</span> <span class='ocrx_word' id='word_1_17' title='bbox 1449 325 1792 400; x_wconf 79' lang='lat' dir='ltr'>Myrmecem,</span> 
     </span>
     <span class='ocr_line' id='line_1_4' title="bbox 97 401 1791 471; baseline -0.001 -16"><span class='ocrx_word' id='word_1_18' title='bbox 97 402 355 455; x_wconf 87' lang='lat' dir='ltr'>fidelitate</span> <span class='ocrx_word' id='word_1_19' title='bbox 393 402 678 471; x_wconf 86' lang='lat' dir='ltr'>praecipua</span> <span class='ocrx_word' id='word_1_20' title='bbox 715 401 1006 471; x_wconf 82' lang='lat' dir='ltr'>cognitum,</span> <span class='ocrx_word' id='word_1_21' title='bbox 1046 404 1250 462; x_wconf 85' lang='lat' dir='ltr'>secreto</span> <span class='ocrx_word' id='word_1_22' title='bbox 1297 403 1599 454; x_wconf 89' lang='lat' dir='ltr'>commonet</span> <span class='ocrx_word' id='word_1_23' title='bbox 1644 419 1791 453; x_wconf 86' lang='lat' dir='ltr'>suae-</span> 
     </span>
     <span class='ocr_line' id='line_1_5' title="bbox 20 471 1794 546; baseline -0.002 -17"><span class='ocrx_word' id='word_1_24' title='bbox 20 471 21 475; x_wconf 31' lang='lat'><em>*</em></span> <span class='ocrx_word' id='word_1_25' title='bbox 100 495 203 546; x_wconf 91' lang='lat' dir='ltr'>que</span> <span class='ocrx_word' id='word_1_26' title='bbox 241 476 485 529; x_wconf 91' lang='lat' dir='ltr'>dominae</span> <span class='ocrx_word' id='word_1_27' title='bbox 517 475 845 528; x_wconf 73' lang='lat' dir='ltr'>custodelam</span> <span class='ocrx_word' id='word_1_28' title='bbox 879 493 1090 527; x_wconf 92' lang='lat' dir='ltr'>omnem</span> <span class='ocrx_word' id='word_1_29' title='bbox 1123 475 1404 543; x_wconf 87' lang='lat' dir='ltr'>permittit,</span> <span class='ocrx_word' id='word_1_30' title='bbox 1444 471 1707 529; x_wconf 87' lang='lat' dir='ltr'>carcerem</span> <span class='ocrx_word' id='word_1_31' title='bbox 1738 478 1794 527; x_wconf 89' lang='lat' dir='ltr'>et</span> 
     </span>
     <span class='ocr_line' id='line_1_6' title="bbox 55 548 1791 622; baseline -0.003 -15"><span class='ocrx_word' id='word_1_32' title='bbox 55 576 74 608; x_wconf 85' lang='lat'>5</span> <span class='ocrx_word' id='word_1_33' title='bbox 97 553 355 621; x_wconf 86' lang='lat' dir='ltr'>perpetua</span> <span class='ocrx_word' id='word_1_34' title='bbox 391 550 627 619; x_wconf 83' lang='lat' dir='ltr'>uincula,</span> <span class='ocrx_word' id='word_1_35' title='bbox 664 553 892 602; x_wconf 90' lang='lat' dir='ltr'>mortem</span> <span class='ocrx_word' id='word_1_36' title='bbox 933 549 1159 618; x_wconf 90' lang='lat' dir='ltr'>denique</span> <span class='ocrx_word' id='word_1_37' title='bbox 1198 548 1490 622; x_wconf 85' lang='lat' dir='ltr'>uiolentam</span> <span class='ocrx_word' id='word_1_38' title='bbox 1530 549 1791 603; x_wconf 84' lang='lat' dir='ltr'>defamem</span> 
     </span>
     <span class='ocr_line' id='line_1_7' title="bbox 100 623 1790 694; baseline -0.001 -16"><span class='ocrx_word' id='word_1_39' title='bbox 100 625 477 694; x_wconf 79' lang='lat' dir='ltr'>comminatuS‚</span> <span class='ocrx_word' id='word_1_40' title='bbox 538 624 584 677; x_wconf 91' lang='lat' dir='ltr'>si</span> <span class='ocrx_word' id='word_1_41' title='bbox 638 624 923 693; x_wconf 91' lang='lat' dir='ltr'>quisquam</span> <span class='ocrx_word' id='word_1_42' title='bbox 976 623 1256 676; x_wconf 90' lang='lat' dir='ltr'>hominum</span> <span class='ocrx_word' id='word_1_43' title='bbox 1311 624 1398 676; x_wconf 92' lang='lat' dir='ltr'>uel</span> <span class='ocrx_word' id='word_1_44' title='bbox 1451 624 1506 676; x_wconf 91' lang='lat' dir='ltr'>in</span> <span class='ocrx_word' id='word_1_45' title='bbox 1561 624 1790 677; x_wconf 88' lang='lat' dir='ltr'>transitu</span> 
     </span>
     <span class='ocr_line' id='line_1_8' title="bbox 99 693 1792 770; baseline -0.001 -18"><span class='ocrx_word' id='word_1_46' title='bbox 99 699 269 770; x_wconf 83' lang='lat' dir='ltr'>digito</span> <span class='ocrx_word' id='word_1_47' title='bbox 301 702 457 752; x_wconf 86' lang='lat' dir='ltr'>tenus</span> <span class='ocrx_word' id='word_1_48' title='bbox 489 717 605 752; x_wconf 85' lang='lat' dir='ltr'>eam</span> <span class='ocrx_word' id='word_1_49' title='bbox 638 698 968 768; x_wconf 74' lang='lat' dir='ltr'>contigisset,</span> <span class='ocrx_word' id='word_1_50' title='bbox 1008 698 1168 767; x_wconf 91' lang='lat' dir='ltr'>idque</span> <span class='ocrx_word' id='word_1_51' title='bbox 1201 698 1441 751; x_wconf 89' lang='lat' dir='ltr'>deierans</span> <span class='ocrx_word' id='word_1_52' title='bbox 1478 693 1640 751; x_wconf 91' lang='lat' dir='ltr'>etiam</span> <span class='ocrx_word' id='word_1_53' title='bbox 1672 716 1792 751; x_wconf 91' lang='lat' dir='ltr'>con-</span> 
     </span>
     <span class='ocr_line' id='line_1_9' title="bbox 97 772 1794 856; baseline -0.001 -29"><span class='ocrx_word' id='word_1_54' title='bbox 97 775 277 827; x_wconf 88' lang='lat' dir='ltr'>firmat</span> <span class='ocrx_word' id='word_1_55' title='bbox 313 792 408 843; x_wconf 89' lang='lat' dir='ltr'>per</span> <span class='ocrx_word' id='word_1_56' title='bbox 448 773 628 826; x_wconf 91' lang='lat' dir='ltr'>omnia</span> <span class='ocrx_word' id='word_1_57' title='bbox 668 773 851 825; x_wconf 90' lang='lat' dir='ltr'>diuina</span> <span class='ocrx_word' id='word_1_58' title='bbox 889 772 1124 824; x_wconf 89' lang='lat' dir='ltr'>numina.</span> <span class='ocrx_word' id='word_1_59' title='bbox 1202 790 1329 856; x_wconf 84' lang='lat' dir='ltr'>ergo</span> <span class='ocrx_word' id='word_1_60' title='bbox 1374 773 1543 843; x_wconf 89' lang='lat' dir='ltr'>igitur</span> <span class='ocrx_word' id='word_1_61' title='bbox 1581 790 1794 826; x_wconf 89' lang='lat' dir='ltr'>summo</span> 
     </span>
     <span class='ocr_line' id='line_1_10' title="bbox 39 846 1795 920; baseline -0.001 -19"><span class='ocrx_word' id='word_1_62' title='bbox 39 918 41 920; x_wconf 21' lang='grc' dir='ltr'>Ι</span> <span class='ocrx_word' id='word_1_63' title='bbox 97 866 295 918; x_wconf 85' lang='lat' dir='ltr'>pauore</span> <span class='ocrx_word' id='word_1_64' title='bbox 355 847 662 917; x_wconf 90' lang='lat' dir='ltr'>perculsum</span> <span class='ocrx_word' id='word_1_65' title='bbox 715 846 1042 916; x_wconf 86' lang='lat' dir='ltr'>Myrmecem</span> <span class='ocrx_word' id='word_1_66' title='bbox 1106 847 1422 900; x_wconf 89' lang='lat' dir='ltr'>acerrimum</span> <span class='ocrx_word' id='word_1_67' title='bbox 1485 848 1795 917; x_wconf 86' lang='lat' dir='ltr'>relinquens</span> 
     </span>
     <span class='ocr_line' id='line_1_11' title="bbox 33 921 1794 991; baseline -0.001 -15"><span class='ocrx_word' id='word_1_68' title='bbox 33 949 77 982; x_wconf 84' lang='lat'>10</span> <span class='ocrx_word' id='word_1_69' title='bbox 98 924 254 976; x_wconf 88' lang='lat' dir='ltr'>uxori</span> <span class='ocrx_word' id='word_1_70' title='bbox 306 925 625 991; x_wconf 87' lang='lat' dir='ltr'>secutorem,</span> <span class='ocrx_word' id='word_1_71' title='bbox 665 940 905 974; x_wconf 87' lang='lat' dir='ltr'>securam</span> <span class='ocrx_word' id='word_1_72' title='bbox 946 921 1133 990; x_wconf 84' lang='lat' dir='ltr'>dirigit</span> <span class='ocrx_word' id='word_1_73' title='bbox 1181 921 1580 990; x_wconf 87' lang='lat' dir='ltr'>profectionem.</span> <span class='ocrx_word' id='word_1_74' title='bbox 1666 926 1794 974; x_wconf 91' lang='lat' dir='ltr'>tunc</span> 
     </span>
     <span class='ocr_line' id='line_1_12' title="bbox 100 995 1795 1065; baseline -0.002 -14"><span class='ocrx_word' id='word_1_75' title='bbox 100 997 369 1051; x_wconf 88' lang='lat' dir='ltr'>obstinato</span> <span class='ocrx_word' id='word_1_76' title='bbox 418 997 595 1049; x_wconf 89' lang='lat' dir='ltr'>animo</span> <span class='ocrx_word' id='word_1_77' title='bbox 642 995 987 1049; x_wconf 87' lang='lat' dir='ltr'>uehementer</span> <span class='ocrx_word' id='word_1_78' title='bbox 1038 996 1228 1048; x_wconf 91' lang='lat' dir='ltr'>anxius</span> <span class='ocrx_word' id='word_1_79' title='bbox 1267 995 1515 1065; x_wconf 83' lang='lat' dir='ltr'>Myrmex</span> <span class='ocrx_word' id='word_1_80' title='bbox 1564 1015 1660 1050; x_wconf 91' lang='lat' dir='ltr'>nec</span> <span class='ocrx_word' id='word_1_81' title='bbox 1710 1015 1795 1048; x_wconf 90' lang='lat' dir='ltr'>us-</span> 
     </span>
     <span class='ocr_line' id='line_1_13' title="bbox 101 1070 1793 1143; baseline -0.001 -18"><span class='ocrx_word' id='word_1_82' title='bbox 101 1090 262 1143; x_wconf 90' lang='lat' dir='ltr'>quam</span> <span class='ocrx_word' id='word_1_83' title='bbox 301 1071 572 1125; x_wconf 91' lang='lat' dir='ltr'>dominam</span> <span class='ocrx_word' id='word_1_84' title='bbox 612 1089 762 1122; x_wconf 89' lang='lat' dir='ltr'>suam</span> <span class='ocrx_word' id='word_1_85' title='bbox 801 1070 1053 1140; x_wconf 84' lang='lat' dir='ltr'>progredi</span> <span class='ocrx_word' id='word_1_86' title='bbox 1093 1070 1302 1123; x_wconf 89' lang='lat' dir='ltr'>sinebat</span> <span class='ocrx_word' id='word_1_87' title='bbox 1341 1074 1395 1123; x_wconf 88' lang='lat' dir='ltr'>et</span> <span class='ocrx_word' id='word_1_88' title='bbox 1433 1071 1668 1124; x_wconf 89' lang='lat' dir='ltr'>lanificio</span> <span class='ocrx_word' id='word_1_89' title='bbox 1705 1070 1793 1123; x_wconf 92' lang='lat' dir='ltr'>do·</span> 
     </span>
     <span class='ocr_line' id='line_1_14' title="bbox 98 1138 1916 1215; baseline -0.002 -15"><span class='ocrx_word' id='word_1_90' title='bbox 98 1147 323 1200; x_wconf 91' lang='lat' dir='ltr'>mestico</span> <span class='ocrx_word' id='word_1_91' title='bbox 374 1138 707 1199; x_wconf 87' lang='lat' dir='ltr'>districtam</span> <span class='ocrx_word' id='word_1_92' title='bbox 723 1144 1096 1213; x_wconf 91' lang='lat' dir='ltr'>inseparabilis</span> <span class='ocrx_word' id='word_1_93' title='bbox 1147 1145 1424 1198; x_wconf 82' lang='lat' dir='ltr'>adsidebat</span> <span class='ocrx_word' id='word_1_94' title='bbox 1474 1164 1533 1198; x_wconf 91' lang='lat' dir='ltr'>ac</span> <span class='ocrx_word' id='word_1_95' title='bbox 1583 1149 1794 1198; x_wconf 87' lang='lat' dir='ltr'>tantum</span> <span class='ocrx_word' id='word_1_96' title='bbox 1904 1212 1916 1215; x_wconf 31' lang='lat'><em>⁴</em></span> 
     </span>
     <span class='ocr_line' id='line_1_15' title="bbox 99 1213 1916 1289; baseline -0.002 -14"><span class='ocrx_word' id='word_1_97' title='bbox 99 1221 397 1275; x_wconf 87' lang='lat' dir='ltr'>necessario</span> <span class='ocrx_word' id='word_1_98' title='bbox 444 1220 739 1289; x_wconf 85' lang='lat' dir='ltr'>uespertini</span> <span class='ocrx_word' id='word_1_99' title='bbox 787 1219 988 1272; x_wconf 89' lang='lat' dir='ltr'>lauacri</span> <span class='ocrx_word' id='word_1_100' title='bbox 1039 1237 1325 1289; x_wconf 84' lang='lat' dir='ltr'>progressu</span> <span class='ocrx_word' id='word_1_101' title='bbox 1335 1213 1586 1273; x_wconf 90' lang='lat' dir='ltr'>adfixus</span> <span class='ocrx_word' id='word_1_102' title='bbox 1635 1223 1796 1288; x_wconf 89' lang='lat' dir='ltr'>atque</span> <span class='ocrx_word' id='word_1_103' title='bbox 1854 1223 1916 1253; x_wconf 68' lang='lat'>’⁴0</span> 
     </span>
     <span class='ocr_line' id='line_1_16' title="bbox 33 1293 1799 1366; baseline -0.002 -16"><span class='ocrx_word' id='word_1_104' title='bbox 33 1318 76 1353; x_wconf 80' lang='lat'>15</span> <span class='ocrx_word' id='word_1_105' title='bbox 100 1295 501 1366; x_wconf 83' lang='lat' dir='ltr'>conglutinatus</span> <span class='ocrx_word' id='word_1_106' title='bbox 552 1297 817 1347; x_wconf 88' lang='lat' dir='ltr'>extremas</span> <span class='ocrx_word' id='word_1_107' title='bbox 867 1312 1029 1346; x_wconf 88' lang='lat' dir='ltr'>manu</span> <span class='ocrx_word' id='word_1_108' title='bbox 1078 1294 1343 1363; x_wconf 89' lang='lat' dir='ltr'>prendens</span> <span class='ocrx_word' id='word_1_109' title='bbox 1390 1295 1611 1347; x_wconf 86' lang='lat' dir='ltr'>lacinias</span> <span class='ocrx_word' id='word_1_110' title='bbox 1636 1293 1799 1355; x_wconf 53' lang='grc'>1111113</span> 
     </span>
     <span class='ocr_line' id='line_1_17' title="bbox 100 1366 1873 1440; baseline -0.002 -16"><span class='ocrx_word' id='word_1_111' title='bbox 100 1370 391 1440; x_wconf 87' lang='lat' dir='ltr'>sagacitate</span> <span class='ocrx_word' id='word_1_112' title='bbox 415 1369 731 1422; x_wconf 88' lang='lat' dir='ltr'>commissae</span> <span class='ocrx_word' id='word_1_113' title='bbox 755 1368 1063 1438; x_wconf 91' lang='lat' dir='ltr'>prouinciae</span> <span class='ocrx_word' id='word_1_114' title='bbox 1087 1368 1248 1422; x_wconf 90' lang='lat' dir='ltr'>fidem</span> <span class='ocrx_word' id='word_1_115' title='bbox 1273 1369 1538 1422; x_wconf 89' lang='lat' dir='ltr'>tuebatur.</span> <span class='ocrx_word' id='word_1_116' title='bbox 1592 1366 1795 1422; x_wconf 92' lang='lat' dir='ltr'>XVIII.</span> <span class='ocrx_word' id='word_1_117' title='bbox 1871 1431 1873 1434; x_wconf 18' lang='grc' dir='ltr'><strong><em>ι</em></strong></span> 
     </span>
     <span class='ocr_line' id='line_1_18' title="bbox 100 1442 1797 1512; baseline -0.002 -14"><span class='ocrx_word' id='word_1_118' title='bbox 100 1445 194 1498; x_wconf 91' lang='lat' dir='ltr'>sed</span> <span class='ocrx_word' id='word_1_119' title='bbox 232 1444 504 1497; x_wconf 87' lang='lat' dir='ltr'>ardentem</span> <span class='ocrx_word' id='word_1_120' title='bbox 534 1443 881 1510; x_wconf 69' lang='lat' dir='ltr'>Philesitheri</span> <span class='ocrx_word' id='word_1_121' title='bbox 917 1442 1258 1512; x_wconf 88' lang='lat' dir='ltr'>uigilantiam</span> <span class='ocrx_word' id='word_1_122' title='bbox 1290 1447 1564 1496; x_wconf 88' lang='lat' dir='ltr'>matronae</span> <span class='ocrx_word' id='word_1_123' title='bbox 1596 1442 1797 1496; x_wconf 89' lang='lat' dir='ltr'>nobilis</span> 
     </span>
     <span class='ocr_line' id='line_1_19' title="bbox 99 1504 1796 1602; baseline -0.002 -30"><span class='ocrx_word' id='word_1_124' title='bbox 99 1518 442 1589; x_wconf 90' lang='lat' dir='ltr'>pulchritudo</span> <span class='ocrx_word' id='word_1_125' title='bbox 481 1504 647 1571; x_wconf 79' lang='lat' dir='ltr'>latere</span> <span class='ocrx_word' id='word_1_126' title='bbox 686 1536 793 1570; x_wconf 92' lang='lat' dir='ltr'>non</span> <span class='ocrx_word' id='word_1_127' title='bbox 832 1518 1025 1586; x_wconf 90' lang='lat' dir='ltr'>potuit</span> <span class='ocrx_word' id='word_1_128' title='bbox 1089 1521 1249 1602; x_wconf 78' lang='lat' dir='ltr'>atque</span> <span class='ocrx_word' id='word_1_129' title='bbox 1288 1517 1389 1571; x_wconf 89' lang='grc'>1133</span> <span class='ocrx_word' id='word_1_130' title='bbox 1428 1518 1545 1587; x_wconf 91' lang='lat' dir='ltr'>ipsa</span> <span class='ocrx_word' id='word_1_131' title='bbox 1582 1517 1796 1587; x_wconf 90' lang='lat' dir='ltr'>potissi-</span> 
     </span>
     <span class='ocr_line' id='line_1_20' title="bbox 100 1591 1798 1662; baseline -0.001 -16"><span class='ocrx_word' id='word_1_132' title='bbox 100 1611 249 1646; x_wconf 90' lang='lat' dir='ltr'>mum</span> <span class='ocrx_word' id='word_1_133' title='bbox 286 1593 494 1646; x_wconf 86' lang='lat' dir='ltr'>famosa</span> <span class='ocrx_word' id='word_1_134' title='bbox 532 1592 777 1645; x_wconf 86' lang='lat' dir='ltr'>castitate</span> <span class='ocrx_word' id='word_1_135' title='bbox 818 1596 871 1644; x_wconf 89' lang='lat' dir='ltr'>et</span> <span class='ocrx_word' id='word_1_136' title='bbox 910 1592 1140 1662; x_wconf 89' lang='lat' dir='ltr'>insignis</span> <span class='ocrx_word' id='word_1_137' title='bbox 1179 1592 1379 1645; x_wconf 90' lang='lat' dir='ltr'>tutelae</span> <span class='ocrx_word' id='word_1_138' title='bbox 1411 1593 1688 1645; x_wconf 87' lang='lat' dir='ltr'>nimietate</span> <span class='ocrx_word' id='word_1_139' title='bbox 1719 1591 1798 1644; x_wconf 91' lang='lat' dir='ltr'>in-</span> 
     </span>
     <span class='ocr_line' id='line_1_21' title="bbox 33 1666 1797 1736; baseline -0.002 -14"><span class='ocrx_word' id='word_1_140' title='bbox 33 1691 79 1724; x_wconf 71' lang='lat' dir='ltr'>ao</span> <span class='ocrx_word' id='word_1_141' title='bbox 102 1668 331 1720; x_wconf 88' lang='lat' dir='ltr'>stinctus</span> <span class='ocrx_word' id='word_1_142' title='bbox 363 1670 522 1736; x_wconf 92' lang='lat' dir='ltr'>atque</span> <span class='ocrx_word' id='word_1_143' title='bbox 554 1667 931 1736; x_wconf 79' lang='lat' dir='ltr'>inflammatUS‚</span> <span class='ocrx_word' id='word_1_144' title='bbox 963 1666 1178 1736; x_wconf 91' lang='lat' dir='ltr'>quiduis</span> <span class='ocrx_word' id='word_1_145' title='bbox 1209 1667 1396 1736; x_wconf 85' lang='lat' dir='ltr'>facere,</span> <span class='ocrx_word' id='word_1_146' title='bbox 1437 1666 1651 1736; x_wconf 90' lang='lat' dir='ltr'>quiduis</span> <span class='ocrx_word' id='word_1_147' title='bbox 1683 1666 1797 1736; x_wconf 84' lang='lat' dir='ltr'>pati</span> 
     </span>
     <span class='ocr_line' id='line_1_22' title="bbox 14 1741 1796 1811; baseline -0.001 -17"><span class='ocrx_word' id='word_1_148' title='bbox 14 1797 18 1801; x_wconf 72' lang='grc'>,</span> <span class='ocrx_word' id='word_1_149' title='bbox 101 1745 319 1811; x_wconf 91' lang='lat' dir='ltr'>paratus</span> <span class='ocrx_word' id='word_1_150' title='bbox 326 1784 341 1810; x_wconf 86' lang='lat'><em>‚</em></span> <span class='ocrx_word' id='word_1_151' title='bbox 388 1741 455 1793; x_wconf 90' lang='lat' dir='ltr'>ad</span> <span class='ocrx_word' id='word_1_152' title='bbox 493 1741 902 1811; x_wconf 84' lang='lat' dir='ltr'>expugnandam</span> <span class='ocrx_word' id='word_1_153' title='bbox 948 1744 1189 1794; x_wconf 86' lang='lat' dir='ltr'>tenacem</span> <span class='ocrx_word' id='word_1_154' title='bbox 1230 1742 1419 1794; x_wconf 63' lang='lat' dir='ltr'>domus</span> <span class='ocrx_word' id='word_1_155' title='bbox 1460 1741 1796 1811; x_wconf 87' lang='lat' dir='ltr'>disciplinam</span> 
     </span>
     <span class='ocr_line' id='line_1_23' title="bbox 93 1815 1797 1886; baseline -0.001 -17"><span class='ocrx_word' id='word_1_156' title='bbox 93 1817 233 1869; x_wconf 72' lang='lat' dir='ltr'>‘totis</span> <span class='ocrx_word' id='word_1_157' title='bbox 281 1815 578 1885; x_wconf 88' lang='lat' dir='ltr'>accingitur</span> <span class='ocrx_word' id='word_1_158' title='bbox 622 1815 829 1868; x_wconf 88' lang='lat' dir='ltr'>uiribus</span> <span class='ocrx_word' id='word_1_159' title='bbox 869 1819 1151 1884; x_wconf 88' lang='lat' dir='ltr'>certusque</span> <span class='ocrx_word' id='word_1_160' title='bbox 1189 1815 1502 1886; x_wconf 87' lang='lat' dir='ltr'>fragilitatis</span> <span class='ocrx_word' id='word_1_161' title='bbox 1533 1815 1797 1868; x_wconf 85' lang='lat' dir='ltr'>humanae</span> 
     </span>
     <span class='ocr_line' id='line_1_24' title="bbox 101 1890 1798 1959; baseline -0.001 -16"><span class='ocrx_word' id='word_1_162' title='bbox 101 1890 226 1944; x_wconf 90' lang='lat' dir='ltr'>fidei</span> <span class='ocrx_word' id='word_1_163' title='bbox 273 1893 327 1943; x_wconf 90' lang='lat' dir='ltr'>et</span> <span class='ocrx_word' id='word_1_164' title='bbox 376 1890 519 1959; x_wconf 92' lang='lat' dir='ltr'>quod</span> <span class='ocrx_word' id='word_1_165' title='bbox 564 1890 819 1958; x_wconf 88' lang='lat' dir='ltr'>pecuniae</span> <span class='ocrx_word' id='word_1_166' title='bbox 868 1893 1087 1942; x_wconf 89' lang='lat' dir='ltr'>cunctae</span> <span class='ocrx_word' id='word_1_167' title='bbox 1135 1890 1245 1943; x_wconf 90' lang='lat' dir='ltr'>sint</span> <span class='ocrx_word' id='word_1_168' title='bbox 1292 1890 1636 1943; x_wconf 87' lang='lat' dir='ltr'>difficultates</span> <span class='ocrx_word' id='word_1_169' title='bbox 1683 1907 1798 1959; x_wconf 91' lang='lat' dir='ltr'>per-</span> 
     </span>
     <span class='ocr_line' id='line_1_25' title="bbox 102 1963 1804 2034; baseline -0.001 -16"><span class='ocrx_word' id='word_1_170' title='bbox 102 1965 222 2018; x_wconf 86' lang='lat' dir='ltr'>uiae</span> <span class='ocrx_word' id='word_1_171' title='bbox 253 1982 488 2033; x_wconf 87' lang='lat' dir='ltr'>auroque</span> <span class='ocrx_word' id='word_1_172' title='bbox 521 1963 728 2017; x_wconf 88' lang='lat' dir='ltr'>soleant</span> <span class='ocrx_word' id='word_1_173' title='bbox 759 1964 1128 2017; x_wconf 89' lang='lat' dir='ltr'>adamantinae</span> <span class='ocrx_word' id='word_1_174' title='bbox 1161 1965 1324 2017; x_wconf 88' lang='lat' dir='ltr'>etiam</span> <span class='ocrx_word' id='word_1_175' title='bbox 1355 1964 1617 2034; x_wconf 86' lang='lat' dir='ltr'>perfringi</span> <span class='ocrx_word' id='word_1_176' title='bbox 1640 1964 1804 2032; x_wconf 72' lang='lat' dir='ltr'>foreS,</span> 
     </span>
     <span class='ocr_line' id='line_1_26' title="bbox 37 2024 1796 2109; baseline -0.002 -15"><span class='ocrx_word' id='word_1_177' title='bbox 37 2061 82 2095; x_wconf 78' lang='lat'>25</span> <span class='ocrx_word' id='word_1_178' title='bbox 105 2042 404 2109; x_wconf 88' lang='lat' dir='ltr'>opportune</span> <span class='ocrx_word' id='word_1_179' title='bbox 429 2041 655 2091; x_wconf 88' lang='lat' dir='ltr'>nanctus</span> <span class='ocrx_word' id='word_1_180' title='bbox 679 2038 968 2107; x_wconf 85' lang='lat' dir='ltr'>Myrmecis</span> <span class='ocrx_word' id='word_1_181' title='bbox 993 2024 1288 2108; x_wconf 57' lang='lat' dir='ltr'>solitatem}</span> <span class='ocrx_word' id='word_1_182' title='bbox 1306 2039 1354 2091; x_wconf 93' lang='lat' dir='ltr'>ei</span> <span class='ocrx_word' id='word_1_183' title='bbox 1380 2057 1616 2090; x_wconf 92' lang='lat' dir='ltr'>amorem</span> <span class='ocrx_word' id='word_1_184' title='bbox 1640 2057 1796 2092; x_wconf 89' lang='lat' dir='ltr'>suum</span> 
     </span>
     <span class='ocr_line' id='line_1_27' title="bbox 104 2112 1798 2197; baseline -0.002 -30"><span class='ocrx_word' id='word_1_185' title='bbox 104 2114 276 2183; x_wconf 83' lang='lat' dir='ltr'>aperit</span> <span class='ocrx_word' id='word_1_186' title='bbox 322 2116 376 2166; x_wconf 89' lang='lat' dir='ltr'>et</span> <span class='ocrx_word' id='word_1_187' title='bbox 418 2112 644 2182; x_wconf 86' lang='lat' dir='ltr'>supplex</span> <span class='ocrx_word' id='word_1_188' title='bbox 691 2132 812 2166; x_wconf 91' lang='lat' dir='ltr'>eum</span> <span class='ocrx_word' id='word_1_189' title='bbox 858 2113 1116 2166; x_wconf 82' lang='lat' dir='ltr'>medelam</span> <span class='ocrx_word' id='word_1_190' title='bbox 1165 2113 1424 2166; x_wconf 89' lang='lat' dir='ltr'>cruciatui</span> <span class='ocrx_word' id='word_1_191' title='bbox 1472 2113 1798 2197; x_wconf 49' lang='lat' dir='ltr'>deprecatur:</span> 
     </span>
     <span class='ocr_line' id='line_1_28' title="bbox 103 2187 1799 2271; baseline -0.001 -31"><span class='ocrx_word' id='word_1_192' title='bbox 103 2206 228 2240; x_wconf 84' lang='lat' dir='ltr'>nam</span> <span class='ocrx_word' id='word_1_193' title='bbox 267 2187 371 2240; x_wconf 88' lang='lat' dir='ltr'>sibi</span> <span class='ocrx_word' id='word_1_194' title='bbox 409 2190 667 2240; x_wconf 85' lang='lat' dir='ltr'>statutam</span> <span class='ocrx_word' id='word_1_195' title='bbox 715 2187 1086 2256; x_wconf 90' lang='lat' dir='ltr'>decretamque</span> <span class='ocrx_word' id='word_1_196' title='bbox 1125 2190 1354 2239; x_wconf 90' lang='lat' dir='ltr'>mortem</span> <span class='ocrx_word' id='word_1_197' title='bbox 1400 2187 1703 2271; x_wconf 84' lang='lat' dir='ltr'>proximare</span> <span class='ocrx_word' id='word_1_198' title='bbox 1741 2187 1799 2239; x_wconf 92' lang='lat' dir='ltr'>ni</span> 
     </span>
     <span class='ocr_line' id='line_1_29' title="bbox 104 2252 1798 2331; baseline -0.001 -16"><span class='ocrx_word' id='word_1_199' title='bbox 104 2261 368 2315; x_wconf 85' lang='lat' dir='ltr'>maturius</span> <span class='ocrx_word' id='word_1_200' title='bbox 415 2252 603 2330; x_wconf 91' lang='lat' dir='ltr'>cupito</span> <span class='ocrx_word' id='word_1_201' title='bbox 643 2262 895 2330; x_wconf 89' lang='lat' dir='ltr'>potiatur</span> <span class='ocrx_word' id='word_1_202' title='bbox 972 2280 1070 2314; x_wconf 88' lang='grc'>1133</span> <span class='ocrx_word' id='word_1_203' title='bbox 1117 2280 1238 2314; x_wconf 86' lang='grc'>311111</span> <span class='ocrx_word' id='word_1_204' title='bbox 1284 2264 1463 2314; x_wconf 88' lang='lat' dir='ltr'>tamen</span> <span class='ocrx_word' id='word_1_205' title='bbox 1512 2262 1798 2331; x_wconf 88' lang='lat' dir='ltr'>quicquam</span> 
     </span>
     <span class='ocr_line' id='line_1_30' title="bbox 106 2335 1801 2405; baseline 0 -17"><span class='ocrx_word' id='word_1_206' title='bbox 106 2336 160 2388; x_wconf 91' lang='lat' dir='ltr'>in</span> <span class='ocrx_word' id='word_1_207' title='bbox 193 2354 250 2388; x_wconf 90' lang='lat' dir='ltr'>re</span> <span class='ocrx_word' id='word_1_208' title='bbox 278 2335 424 2388; x_wconf 85' lang='lat' dir='ltr'>facili</span> <span class='ocrx_word' id='word_1_209' title='bbox 455 2335 744 2388; x_wconf 87' lang='lat' dir='ltr'>formidare</span> <span class='ocrx_word' id='word_1_210' title='bbox 769 2336 973 2405; x_wconf 85' lang='lat' dir='ltr'>debere,</span> <span class='ocrx_word' id='word_1_211' title='bbox 1006 2335 1204 2405; x_wconf 89' lang='lat' dir='ltr'>quippe</span> <span class='ocrx_word' id='word_1_212' title='bbox 1236 2354 1358 2388; x_wconf 91' lang='lat' dir='ltr'>cum</span> <span class='ocrx_word' id='word_1_213' title='bbox 1388 2355 1613 2405; x_wconf 89' lang='lat' dir='ltr'>uespera</span> <span class='ocrx_word' id='word_1_214' title='bbox 1637 2336 1801 2404; x_wconf 83' lang='lat' dir='ltr'>solus,</span> 
     </span>
     <span class='ocr_line' id='line_1_31' title="bbox 41 2409 1799 2479; baseline -0.002 -14"><span class='ocrx_word' id='word_1_215' title='bbox 41 2432 85 2465; x_wconf 76' lang='lat'>30</span> <span class='ocrx_word' id='word_1_216' title='bbox 105 2410 210 2463; x_wconf 91' lang='lat' dir='ltr'>fide</span> <span class='ocrx_word' id='word_1_217' title='bbox 249 2409 587 2463; x_wconf 85' lang='lat' dir='ltr'>tenebrarum</span> <span class='ocrx_word' id='word_1_218' title='bbox 635 2413 909 2463; x_wconf 88' lang='lat' dir='ltr'>contectus</span> <span class='ocrx_word' id='word_1_219' title='bbox 957 2414 1117 2479; x_wconf 91' lang='lat' dir='ltr'>atque</span> <span class='ocrx_word' id='word_1_220' title='bbox 1164 2410 1531 2479; x_wconf 80' lang='lat' dir='ltr'>abscondituS,</span> <span class='ocrx_word' id='word_1_221' title='bbox 1576 2411 1799 2462; x_wconf 91' lang='lat' dir='ltr'>introre-</span> 
     </span>
     <span class='ocr_line' id='line_1_32' title="bbox 107 2483 1799 2554; baseline -0.001 -17"><span class='ocrx_word' id='word_1_222' title='bbox 107 2503 231 2554; x_wconf 90' lang='lat' dir='ltr'>pere</span> <span class='ocrx_word' id='word_1_223' title='bbox 271 2487 325 2536; x_wconf 88' lang='lat' dir='ltr'>et</span> <span class='ocrx_word' id='word_1_224' title='bbox 363 2483 505 2536; x_wconf 88' lang='lat' dir='ltr'>intra</span> <span class='ocrx_word' id='word_1_225' title='bbox 541 2487 873 2538; x_wconf 90' lang='lat' dir='ltr'>momentum</span> <span class='ocrx_word' id='word_1_226' title='bbox 906 2484 1164 2553; x_wconf 90' lang='lat' dir='ltr'>temporis</span> <span class='ocrx_word' id='word_1_227' title='bbox 1196 2503 1430 2537; x_wconf 90' lang='lat' dir='ltr'>remeare</span> <span class='ocrx_word' id='word_1_228' title='bbox 1462 2488 1658 2553; x_wconf 91' lang='lat' dir='ltr'>posset.</span> <span class='ocrx_word' id='word_1_229' title='bbox 1712 2483 1799 2535; x_wconf 90' lang='lat' dir='ltr'>his</span> 
     </span>
    </p>
   </div>
   <div class='ocr_carea' id='block_1_3' title="bbox 83 2702 1804 2999">
    <p class='ocr_par' dir='ltr' id='par_1_3' title="bbox 83 2702 1804 2999">
     <span class='ocr_line' id='line_1_33' title="bbox 229 2702 1804 2762; baseline 0.001 -15"><span class='ocrx_word' id='word_1_230' title='bbox 229 2708 255 2747; x_wconf 85' lang='lat'><strong>2</strong></span> <span class='ocrx_word' id='word_1_231' title='bbox 293 2702 537 2748; x_wconf 83' lang='lat' dir='ltr'>mirmicen</span> <span class='ocrx_word' id='word_1_232' title='bbox 566 2703 648 2762; x_wconf 72' lang='lat' dir='ltr'>Fep</span> <span class='ocrx_word' id='word_1_233' title='bbox 780 2709 803 2747; x_wconf 81' lang='lat'><strong>7</strong></span> <span class='ocrx_word' id='word_1_234' title='bbox 847 2703 1158 2760; x_wconf 81' lang='lat' dir='ltr'>contingisset</span> <span class='ocrx_word' id='word_1_235' title='bbox 1187 2704 1294 2761; x_wconf 78' lang='lat' dir='ltr'>F1p1</span> <span class='ocrx_word' id='word_1_236' title='bbox 1418 2705 1646 2761; x_wconf 82' lang='lat' dir='ltr'>degerans</span> <span class='ocrx_word' id='word_1_237' title='bbox 1678 2704 1804 2760; x_wconf 63' lang='lat' dir='ltr'>qus</span> 
     </span>
     <span class='ocr_line' id='line_1_34' title="bbox 83 2763 1801 2819; baseline 0.001 -12"><span class='ocrx_word' id='word_1_238' title='bbox 83 2763 166 2818; x_wconf 64' lang='lat' dir='ltr'>cf.</span> <span class='ocrx_word' id='word_1_239' title='bbox 200 2767 269 2808; x_wconf 78' lang='lat'>70.</span> <span class='ocrx_word' id='word_1_240' title='bbox 295 2767 344 2818; x_wconf 80' lang='lat'>93</span> <span class='ocrx_word' id='word_1_241' title='bbox 386 2767 485 2807; x_wconf 88' lang='grc'>106.</span> <span class='ocrx_word' id='word_1_242' title='bbox 513 2767 588 2818; x_wconf 86' lang='grc'>18;</span> <span class='ocrx_word' id='word_1_243' title='bbox 634 2768 780 2808; x_wconf 86' lang='grc'>153.1</span> <span class='ocrx_word' id='word_1_244' title='bbox 932 2768 959 2806; x_wconf 87' lang='lat'>9</span> <span class='ocrx_word' id='word_1_245' title='bbox 1005 2777 1270 2819; x_wconf 82' lang='lat' dir='ltr'>myrmecen</span> <span class='ocrx_word' id='word_1_246' title='bbox 1317 2763 1353 2807; x_wconf 89' lang='lat' dir='ltr'><strong>F</strong></span> <span class='ocrx_word' id='word_1_247' title='bbox 1508 2769 1563 2808; x_wconf 79' lang='lat'>12</span> <span class='ocrx_word' id='word_1_248' title='bbox 1611 2777 1696 2808; x_wconf 82' lang='grc'>8113.</span> <span class='ocrx_word' id='word_1_249' title='bbox 1741 2765 1801 2807; x_wconf 83' lang='lat' dir='ltr'>F¹</span> 
     </span>
     <span class='ocr_line' id='line_1_35' title="bbox 112 2821 1803 2880; baseline 0.001 -15"><span class='ocrx_word' id='word_1_250' title='bbox 112 2825 167 2866; x_wconf 79' lang='lat'>14</span> <span class='ocrx_word' id='word_1_251' title='bbox 211 2821 470 2879; x_wconf 78' lang='lat' dir='ltr'>uespertini</span> <span class='ocrx_word' id='word_1_252' title='bbox 514 2821 695 2867; x_wconf 84' lang='lat' dir='ltr'>lauacri</span> <span class='ocrx_word' id='word_1_253' title='bbox 740 2821 1005 2866; x_wconf 83' lang='lat' dir='ltr'>necessario</span> <span class='ocrx_word' id='word_1_254' title='bbox 1050 2836 1299 2880; x_wconf 80' lang='lat' dir='ltr'>progressu</span> <span class='ocrx_word' id='word_1_255' title='bbox 1348 2840 1384 2880; x_wconf 86' lang='grc' dir='ltr'><em>φ</em></span> <span class='ocrx_word' id='word_1_256' title='bbox 1518 2827 1573 2867; x_wconf 84' lang='grc'>17</span> <span class='ocrx_word' id='word_1_257' title='bbox 1604 2822 1803 2880; x_wconf 82' lang='lat' dir='ltr'>philesi-</span> 
     </span>
     <span class='ocr_line' id='line_1_36' title="bbox 109 2881 1803 2939; baseline 0 -13"><span class='ocrx_word' id='word_1_258' title='bbox 109 2881 234 2926; x_wconf 86' lang='lat' dir='ltr'>theri</span> <span class='ocrx_word' id='word_1_259' title='bbox 270 2881 307 2925; x_wconf 88' lang='lat' dir='ltr'><strong>F</strong></span> <span class='ocrx_word' id='word_1_260' title='bbox 457 2885 513 2925; x_wconf 81' lang='lat'>26</span> <span class='ocrx_word' id='word_1_261' title='bbox 552 2895 655 2926; x_wconf 88' lang='lat' dir='ltr'>eum</span> <span class='ocrx_word' id='word_1_262' title='bbox 687 2881 765 2925; x_wconf 70' lang='lat'>13¹3</span> <span class='ocrx_word' id='word_1_263' title='bbox 817 2881 861 2925; x_wconf 91' lang='lat' dir='ltr'>ei</span> <span class='ocrx_word' id='word_1_264' title='bbox 893 2898 929 2937; x_wconf 85' lang='grc' dir='ltr'>φ</span> <span class='ocrx_word' id='word_1_265' title='bbox 1078 2882 1283 2927; x_wconf 89' lang='lat' dir='ltr'>medella</span> <span class='ocrx_word' id='word_1_266' title='bbox 1313 2882 1349 2925; x_wconf 90' lang='lat' dir='ltr'><strong>F</strong></span> <span class='ocrx_word' id='word_1_267' title='bbox 1394 2883 1472 2928; x_wconf 82' lang='lat' dir='ltr'>sed</span> <span class='ocrx_word' id='word_1_268' title='bbox 1510 2883 1568 2938; x_wconf 81' lang='lat' dir='ltr'>cf.</span> <span class='ocrx_word' id='word_1_269' title='bbox 1604 2887 1701 2928; x_wconf 82' lang='grc'>183.</span> <span class='ocrx_word' id='word_1_270' title='bbox 1720 2888 1803 2939; x_wconf 80' lang='grc'>22;</span> 
     </span>
     <span class='ocr_line' id='line_1_37' title="bbox 114 2941 1176 2999; baseline 0.003 -15"><span class='ocrx_word' id='word_1_271' title='bbox 114 2944 278 2997; x_wconf 79' lang='lat'>194.8;</span> <span class='ocrx_word' id='word_1_272' title='bbox 313 2944 410 2985; x_wconf 77' lang='lat'>19⁷.</span> <span class='ocrx_word' id='word_1_273' title='bbox 437 2945 515 2996; x_wconf 74' lang='lat'>253</span> <span class='ocrx_word' id='word_1_274' title='bbox 547 2945 647 2985; x_wconf 84' lang='lat'><strong>206.</strong></span> <span class='ocrx_word' id='word_1_275' title='bbox 666 2945 706 2985; x_wconf 84' lang='lat'>2.</span> <span class='ocrx_word' id='word_1_276' title='bbox 738 2941 873 2998; x_wconf 76' lang='lat' dir='ltr'>Apol.</span> <span class='ocrx_word' id='word_1_277' title='bbox 907 2945 977 2986; x_wconf 85' lang='lat'>61.</span> <span class='ocrx_word' id='word_1_278' title='bbox 998 2945 1021 2984; x_wconf 83' lang='lat'>7</span> <span class='ocrx_word' id='word_1_279' title='bbox 1055 2941 1176 2999; x_wconf 81' lang='lat' dir='ltr'>(Kr.)</span> 
     </span>
    </p>
   </div>
  </div>
 </body>
</html>
