1916 3132
767 116 1034 166 TPITON
1678 115 1748 169 85

51 256 346 308 Θετταλῶν
383 253 727 324 τραπέντων,
768 251 798 307 6
838 254 900 307 δὲ
938 251 1108 318 ἄλλος
1146 254 1319 324 δῆμος
1346 253 1435 309 ἐπ’
1465 251 1627 308 οἷκον
1648 254 1769 327 τὸνΥ

49 339 197 393 ἴδιον
233 338 463 400 ἕκαστος
500 336 874 407 ἀνεχώρησεν.
933 336 968 408 ἡ
990 340 1303 411 ,Χαρίκλεια
1341 340 1403 392 δὲ
1443 339 1762 407 ἐφεστρίδα

48 424 260 493 λευκὴν
306 422 683 493 ἐπιβαλομένη
733 421 843 477 σὺν
888 421 1100 492 ὀλίγοις
1145 431 1261 486 τοῖς
1299 425 1616 494 συνήθεσιν
1656 424 1748 478 ἐπὶ

46 507 150 578 τήν
178 509 242 562 ἐν
265 510 344 579 τῷ
368 508 651 578 περιβόλῳ
676 510 778 562 τοῦ
809 506 913 561 νεῶ
944 506 1278 577 καταγωγήν
1294 506 1583 578 ῶρμησεν·
1613 505 1750 562 οὐδὲ

0 614 19 648 s
46 590 156 663 γὰρ
182 589 316 665 ᾤκει
345 594 456 647 σὺν
481 595 559 663 τῷ
586 592 932 664 νομιζομένῳ
958 596 1147 663 πατρί,
1186 596 1283 662 τῆς
1316 590 1599 661 ἁγιστείας
1628 590 1746 647 ἕνε-

46 695 117 731 κα
141 681 421 740 παντοίως
456 675 665 747 ἑαυτὴν
695 680 1024 747 χωρίζουσα.
1084 681 1516 746 περιεργότερος
1549 680 1750 731 τοίνυν

47 762 104 828 ἐξ
143 754 228 815 ῶν
263 760 536 831 ἠκηκόει-ν
574 781 635 815 τε
673 760 766 815 καὶ
805 761 1078 830 ἑωράκειν
1115 762 1381 831 γεγονώς,
1423 763 1751 832 ἐντυγχάνω

43 850 120 919 τῷ
145 849 423 914 Χαρικλεῖ
453 851 620 900 τοῦτο
660 847 1002 910 σπουδάσας.
1069 848 1163 901 καὶ
1202 846 1290 916 ὅς,
1331 844 1500 916 εἶδες,
1538 845 1749 918 ἥρω’τα,

49 931 114 987 τὸ
152 928 433 1002 ἀγλάισμα
456 929 532 1002 ,τὸ
573 931 708 1001 ἐμόν
745 951 805 986 τε
843 931 936 984 καὶ
972 935 1634 1006 ΔελφῶνῑΧαρίκλειανς
1683 931 1752 986 οὐ

46 1021 157 1071 νῦν
182 1021 430 1085 πρῶτον,
468 1019 632 1086 ἔφην,
676 1014 819 1070 ἀλλά
847 1018 939 1070 καὶ
967 1017 1248 1084 πρότερον
1274 1019 1572 1087 πολλάκις,
1614 1014 1752 1071 ὁσά-

46 1122 134 1166 κις
170 1100 240 1171 δή
279 1120 371 1170 μοι
410 1099 550 1154 κατὰ
587 1099 686 1155 τὸν
723 1099 874 1154 νεῶν
914 1102 1196 1175 ἐνέτυχεν,
1237 1103 1343 1171 οὐχ
1381 1099 1455 1165 ῶς
1479 1102 1553 1156 ἄν
1577 1103 1751 1171 τιςχέκ

48 1186 324 1256 παρόδου,
362 1189 527 1238 τοῦτο
567 1183 636 1255 δὴ
676 1185 737 1238 τὸ
764 1186 1089 1255 λεγόμενον,
1130 1184 1274 1239 ἀλλὰ
1302 1187 1396 1240 καὶ
1423 1187 1749 1240 συνέθυσεν

47 1269 152 1326 οὐκ
188 1268 465 1338 ὀλιγάκις,
505 1271 599 1322 καὶ
636 1268 764 1338 περὶ
799 1274 975 1324 θείων
1001 1290 1060 1324 τε
1086 1271 1178 1324 καὶ
1205 1270 1596 1340 ἀνθρωπίνων
1623 1275 1680 1345 εἴ
1697 1273 1756 1323 τί

48 1374 183 1410 ποτε
212 1353 631 1423 διαπορήσειεν,
669 1352 955 1457 η’ρῶτησέ
967 1375 1026 1408 τε
1063 1356 1158 1408 καὶ
1196 1358 1386 1425 ἔμαθε.
1451 1358 1510 1409 τί
1540 1346 1647 1408 οὖν
1682 1353 1752 1423 δή

0 1468 16 1500 5
46 1456 137 1495 σοι
163 1437 230 1494 τά
257 1443 366 1493 νῦν
392 1440 582 1503 ἔδοξεν
609 1432 655 1492 ῶ
685 1437 873 1507 ’γαθές
916 1433 1030 1508 αρά
1064 1460 1191 1493 τινα
1217 1444 1285 1511 τῇ
1314 1444 1508 1510 πομπῇ
1535 1439 1752 1508 κόσμον

44 1524 313 1595 ἤνεγκεν;
365 1525 717 1593 εὐφήμησον,
766 1520 944 1593 εἷπον,
995 1518 1039 1578 ὦ
1078 1528 1410 1593 Χαρίκλεις,
1458 1524 1651 1592 ῶσπερ
1701 1526 1753 1577 εί

45 1611 139 1664 καὶ
175 1609 280 1678 τὴν
318 1610 562 1678 σελήνην
588 1611 639 1662 εἰ
662 1606 955 1677 διαπρέπει
980 1611 1095 1662 τῶν
1120 1608 1313 1663 ἄλλων
1336 1608 1556 1678 η’ρῶτας
1581 1608 1745 1663 ἀστέ-

47 1714 181 1766 ρων.
242 1694 335 1747 καὶ
370 1692 482 1762 μὴν
520 1693 773 1763 ἐπῄνουν
808 1695 984 1762 τινές,
1025 1690 1164 1761 εἷπε,
1204 1692 1298 1748 καὶ
1330 1693 1430 1748 τὸν
1458 1691 1746 1748 Θετταλὸν

47 1780 369 1849 νεανίσκον.
445 1775 512 1831 τά
551 1777 807 1847 δεύτερα,
847 1775 921 1849 ἦν
959 1777 1014 1831 δ’
1044 1780 1176 1847 ἐγῶ,
1217 1777 1311 1832 καὶ
1348 1782 1508 1847 τρίτα
1545 1780 1750 1847 νέμον-

0 1891 20 1925 0
51 1882 166 1932 τες,
203 1863 309 1932 τήν
345 1882 404 1916 τε
442 1863 725 1930 κορωνίδα
763 1866 860 1932 τῆς
896 1867 1119 1934 πομπῆς
1154 1865 1247 1917 καὶ
1282 1862 1587 1934 ὀφθαλμὸν
1613 1863 1752 1934 ἀλη-

48 1950 168 2010 θῶς
202 1943 308 2015 τήν
344 1944 454 2017 σὴν
489 1950 778 2015 θυγατέρα
815 1952 1196 2016 γνωρίζοντες.
1256 1948 1422 2018 ἥδετο
1460 1952 1682 2013 τούτοις
1721 1947 1750 2002 ὁ

49 2035 366 2103 Χαρικλῆς,
417 2035 514 2086 καί
548 2051 644 2100 μοι
679 2029 708 2085 6
748 2027 956 2096 σκοπὸς
996 2035 1058 2088 ἐκ
1096 2036 1212 2087 τῶν
1250 2031 1484 2103 ἀληθῶν
1521 2032 1749 2103 ἠνύετο,

49 2123 290 2186 θαρσεῖν
327 2137 422 2187 μοι
459 2115 559 2170 τὸν
585 2115 768 2186 ἀνδρα
792 2119 1122 2189 βουλομένῳ
1145 2121 1438 2182 παντοίως.
1506 2117 1600 2173 καὶ
1623 2139 1747 2189 μει-

51 2202 278 2272 διάσας,
329 2203 644 2271 πορεύομαι
689 2204 800 2254 νῦν
839 2200 930 2256 ἐπ’
958 2202 1154 2273 αὐτήν,
1204 2206 1422 2271 ἔλεγεν·
1479 2206 1529 2258 εἰ
1565 2205 1628 2257 δέ
1663 2219 1755 2258 σοι

0 2313 23 2346 ’5
52 2289 244 2356 φίλον,
285 2289 835 2355 συμπροθυμήθητι,
885 2287 979 2339 καὶ
1016 2289 1092 2357 μή
1128 2309 1180 2342 τι
1219 2286 1360 2356 πρὸς
1395 2293 1493 2358 τῆς
1531 2286 1755 2357 ὀχλικῆς

52 2368 250 2440 ἀηδίας
298 2371 675 2437 ἐπιτέτριπται
720 2374 1145 2435 συνεπίσκεψαι.
1222 2377 1434 2443 χαίρων
1480 2375 1585 2441 μὲν
1624 2374 1754 2426 ἐπέψ-

54 2474 246 2524 νευον,
286 2453 691 2524 ἐνεδεικνύμην
729 2456 790 2509 δὲ
825 2452 900 2518 ῶς
924 2454 1189 2526 ἀσχολίας
1213 2459 1388 2528 ἄλλης
1414 2459 1752 2526 προυργιαί-

52 2558 221 2610 τερον
256 2542 484 2607 τίθεμαι
521 2540 585 2593 τὸ
624 2538 748 2593 κατ’
780 2538 972 2594 αύτόν.

162 2622 282 2676 ἐπεὶ
316 2624 378 2678 δὲ
413 2623 840 2692 παρεγενόμεθα
879 2616 948 2677 οὗ
982 2628 1283 2697 κατήγετο,
1324 2626 1756 2695 καταλαμβάνο-
1783 2626 1815 2677 ’ἶ

5 2731 27 2766 ο
54 2726 159 2776 μεν
174 2707 528 2771 εἰσελθόντες
548 2708 637 2762 ἐπὶ
656 2712 754 2777 τῆς
774 2706 944 2777 εὐνῆς
960 2708 1253 2766 ἀλύουσαν
1273 2710 1366 2766 καὶ
1385 2710 1517 2773 τοὺς
1533 2709 1755 2778 ὀφθαλ-

55 2792 200 2860 μοὺς
219 2795 296 2863 τῷ
315 2795 479 2859 ἔρωτι
505 2793 861 2861 διαβρόχους.
900 2792 1138 2865 κάπειδή
1167 2797 1268 2849 τὸν
1294 2799 1506 2863 πατέρα
1532 2795 1599 2848 τὰ
1628 2794 1750 2846 εἰω-

55 2877 202 2930 θότα
248 2877 679 2948 περιεπτύξατο,
729 2882 1146 2952 πυνθανομένῳ
1193 2900 1242 2933 τι
1293 2882 1602 2946 πεπόνθοι,
1659 2879 1757 2944 τῆς
