1916 3132
121 91 190 143 94
846 98 963 146 TPI
969 97 1110 146 TON

121 231 504 299 μαντεύεσθαι
543 234 722 301 δῆθεν
759 232 903 301 ἅπερ
943 234 1274 302 ἐγίνωσκον.
1342 236 1687 307 ἱλαρώτερον
1711 228 1820 292 οὖν

122 313 276 389 αύτῷ
312 317 697 386 προσβλέψας,
749 320 802 371 εἰ
835 317 927 371 καὶ
966 316 1134 382 αὐτὸς
1171 321 1358 389 λέγειν
1393 318 1610 390 ὀκνεῖς,
1652 323 1820 392 ἔφην,

122 401 265 455 άλλά
303 406 372 473 τῇ
410 421 474 470 γε
510 399 750 473 ἡμετέρᾳ
788 404 962 474 σοφία
987 407 1080 456 καὶ
1115 409 1274 467 θεοῖς
1310 403 1483 459 οὐδὲν
1508 405 1818 473 ἄγνωστον.

121 489 214 540 καὶ
255 486 558 553 ἐπιστήσας
597 483 809 554 ὀλίγον,
850 489 944 540 καὶ
981 488 1209 557 ψήφους
1244 487 1402 552 τινάς
1438 489 1610 545 οὐδὲν
1646 476 1823 545 κατα-

123 571 439 641 ριθμούσας
465 570 553 624 ἐπὶ
579 571 880 624 δακτύλων
900 576 1160 642 συνθείς,
1187 573 1291 643 τήν
1316 594 1376 627 τε
1401 577 1584 645 κόμην
1611 576 1822 628 διασεί-
1851 593 1873 625 ⁵

123 672 224 721 σας
250 658 343 710 καὶ
379 654 512 718 τούς
547 647 1700 730 κατόχουςλμιμούμενος,((ἐρᾷςέἷπον,’ὦ
1733 659 1825 712 τέ-

125 747 289 795 κνονξ
328 739 743 811 άνήλατὼπρός
767 742 872 811 τὴν
897 745 1185 809 μαντείαν.
1225 741 1301 806 ὥς
1326 745 1388 798 δὲ
1415 742 1500 798 ὅτι
1525 743 1620 798 καὶ
1631 734 1826 813 ἀΧοιρι-θ

124 817 710 896 κλείας”προσέθηκα,
760 824 915 879 τοῦτ’
955 826 1138 879 ἐκεῖνο
1185 830 1520 882 θεοκλυτεῖν
1557 848 1626 897 με
1661 830 1825 897 νομί-

125 926 253 980 σας,
281 914 489 980 μικροῦ
513 912 619 980 μὲν
645 910 737 964 καὶ
763 911 1154 981 προσεκύνησε
1180 914 1401 982 πεσεόν,
1441 913 1578 981 ἐμοῦ
1605 912 1666 965 δὲ
1694 913 1821 966 ἐπέ-

124 1015 319 1066 χοντος
357 995 536 1065 ἐφίλει
573 994 755 1048 πολλοὶ
790 993 894 1065 τὴν
920 994 1560 1066 κεφαλὴνπροσελθεόν.
1618 1006 1735 1060 τοῖς
1759 995 1822 1050 δὲ
1852 1014 1894 1049 ιο

122 1087 279 1144 θεοῖς
317 1077 590 1149 ὡμολόγει
628 1081 820 1183 χάριν,
871 1080 977 1134 οὐκ
1020 1080 1371 1150 ἐσφαλμένος
1418 1074 1500 1135 ὦν
1546 1080 1824 1150 προσεδό-

124 1181 280 1236 κησε,
320 1167 570 1240 σωτῆρά
587 1164 652 1218 τέ
682 1185 750 1233 με
787 1164 1057 1232 γενέσθαι
1095 1164 1562 1235 παρεκάλει·μὴ
1600 1164 1709 1234 γὰρ
1746 1185 1821 1219 αν

123 1254 538 1334 περισωθῆναι
561 1252 859 1318 βοηθείας,
919 1251 1013 1303 καὶ
1059 1254 1267 1319 ταύτης
1311 1253 1559 1320 ταχείας,
1608 1250 1821 1304 άποτυ-

121 1336 319 1406 χόντα··
357 1337 635 1389 τοσοῦτον
673 1331 825 1404 αὐτῷ
863 1332 926 1387 τὸ
953 1335 1133 1390 κακὸν
1169 1335 1472 1405 ἐνσκῆψαι,
1511 1336 1606 1388 καὶ
1642 1333 1822 1398 οὕτως

123 1421 235 1477 ὑπὸ
274 1424 376 1474 τοῦ
403 1418 593 1473 πόθου
619 1420 950 1489 φλέγεσθαι,
979 1425 1207 1489 πρῶτον
1228 1419 1321 1473 καὶ
1342 1423 1517 1474 ταῦτα
1541 1417 1819 1489 πειρωμε-
1849 1436 1891 1470 ιο

122 1528 227 1561 νον
255 1509 479 1573 ἔρωτος.
546 1501 764 1572 ὁμιλίας
796 1503 905 1572 γὰρ
942 1507 1021 1558 ε”τι
1056 1503 1327 1574 γυναικὸς
1352 1503 1650 1581 ἀπείρατος
1675 1500 1820 1557 εἶναι

124 1594 443 1655 διετείνετο,
471 1587 652 1642 πολλοὶ
679 1589 1082 1658 διομνύμενος·
1125 1588 1210 1644 ἀεὶ
1243 1591 1350 1659 γὰρ
1378 1589 1681 1643 διαπτύσαι
1705 1588 1819 1642 πά-

125 1692 226 1739 σας
262 1677 356 1729 καὶ
393 1674 576 1743 γάμον
615 1670 791 1727 αὐτὸν
828 1672 922 1726 καὶ
960 1676 1196 1743 ἔρωτας,
1237 1680 1295 1728 εἴ
1323 1694 1475 1736 τινος
1499 1672 1817 1741 ἀκούσειεν,

124 1761 227 1824 ε’ως
265 1757 343 1824 τὸ
346 1760 693 1838 Χαρικλειας
727 1756 900 1810 αὐτὸν
933 1757 1131 1827 ἤλεγξε
1169 1757 1374 1826 κάλλος
1411 1757 1496 1812 ὅτι
1534 1780 1608 1860 μη
1647 1754 1819 1827 φύσει

124 1841 454 1915 καρτερικὸς
489 1845 584 1912 η’ν,
624 1812 750 1896 ἀλλ’
780 1840 1113 1909 άξιεράστου
1147 1840 1415 1910 γυναικὸς
1442 1844 1519 1905 εἰς
1542 1841 1647 1912 τὴν
1671 1860 1817 1910 παρ-
1848 1858 1889 1892 20

125 1932 413 1984 ελθοῦσαν
469 1925 719 1990 ἀθέατος.
819 1947 914 1980 και
971 1929 1147 1980 ταῦτα
1209 1928 1389 1995 λέγων
1451 1926 1818 1995 ἐπεδάκρυεν,

124 2013 315 2118 ωσπερ
371 2011 454 2066 ὅτι
500 2010 641 2079 πρὸς
686 2013 821 2080 βίαν
864 2010 1091 2080 ήττηται
1139 2013 1311 2081 κόρης
1367 2010 1818 2078 ἐνδεικνύμενος

125 2098 522 2167 ἀνελάμβανον
548 2089 655 2149 οὖν
681 2093 879 2165 αὐτόν,
915 2094 1009 2149 καὶ
1033 2097 1239 2164 θάρσει
1265 2085 1480 2164 ἔλεγον,
1518 2095 1818 2163 ἐπειδήπερ

125 2183 270 2247 ἅπαξ
299 2182 727 2249 καταπέφευγας
754 2179 847 2248 ἐφ’
875 2178 1031 2250 ἡμᾶς,
1081 2180 1185 2250 οὐχ
1211 2179 1390 2242 ούτως
1417 2179 1604 2248 ἐκείνη
1631 2181 1818 2246 κρείτ-

125 2288 239 2321 των
265 2270 420 2320 ἒσται
445 2270 544 2333 τῆς
567 2263 835 2334 ἡμετέρας
871 2267 1088 2333 σοφίας.
1146 2268 1262 2319 ἔστι
1299 2265 1406 2332 μὲν
1431 2263 1813 2333 αὐστηροτέρα
1843 2279 1886 2312 25

126 2352 220 2406 καὶ
269 2356 678 2420 κατενεχθῆναι
726 2348 866 2418 πρὸς
910 2353 1090 2418 ἔρωτα
1137 2351 1447 2418 δύσμαχος,
1483 2348 1817 2417 Ἀφροδίτην

125 2436 220 2492 καὶ
255 2439 441 2505 γάμον
479 2434 818 2505 άτιμάζουσα
845 2435 939 2488 καὶ
971 2436 1161 2504 μέχρις
1196 2431 1482 2502 ὀνόματος.
1549 2429 1690 2485 ἀλλὰ
1721 2428 1815 2484 διὰ

127 2523 189 2575 σὲ
227 2521 410 2574 πάντα
457 2523 733 2588 κινητέον.
809 2522 970 2588 τέχνη
1007 2519 1101 2571 καὶ
1136 2518 1315 2585 φύσιν
1352 2513 1470 2570 οἶδε
1503 2515 1810 2584 βιάζεσθαι.

126 2606 303 2676 μόνον
330 2602 578 2672 εὔθυμος
614 2600 784 2671 εἶναι,
825 2604 920 2657 καὶ
956 2600 1332 2673 ὑφηγουμένῳ
1368 2599 1436 2654 τοὶ
1462 2596 1672 2654 δέοντέῖ
1686 2601 1815 2652 πεί-

125 2695 337 2744 θεσθαι
351 2681 643 2758 πράττειν.
699 2688 1069 2757 ἐπηγγέλλετο
1105 2685 1327 2739 ἅπαντα
1361 2684 1618 2753 ποιήσειν
1643 2678 1719 2747 ὥς
1740 2679 1812 2736 ἂν
1839 2699 1881 2732 ³⁰

129 2777 238 2845 ἐγω
277 2775 626 2842 προστάττω,
663 2770 773 2826 κᾶν
809 2778 855 2826 εἰ
889 2772 1072 2841 ξιφων
1108 2770 1419 2839 ἐπιβαίνειν
1455 2769 1759 2836 κελεύοιμι.

44 2866 109 2916 18
236 2862 609 2928 λιπαροῦντος
659 2854 748 2925 δὴ
777 2858 906 2925 περὶ
953 2857 1169 2909 τούτων
1214 2854 1308 2907 καὶ
1345 2852 1554 2922 μισθὸν
1591 2851 1815 2945 ἄπρισῖ
