1916 3132
190 144 297 197 234
894 148 1181 196 ΟΓΔΟΟΝ

194 287 411 352 ροῦσαν
435 285 800 348 ἐντεύξεσθαι
824 282 1101 375 ἀλλήλοις
1111 282 1503 355 ἀπεγνωκότας
1524 286 1616 340 καὶ
1624 278 1888 357 &qudi--

0 372 170 433 stam
192 369 383 438 ληλων
423 368 542 438 ἐφ’
558 368 695 428 ὅσον
733 370 910 433 ἔξεστι
946 386 1417 438 κορεννυμενους,
1456 371 1612 433 τέλος
1639 369 1888 442 καὶπερὶ

52 434 130 460 tm

0 484 133 541 ‘aym

82 544 107 571 Γ

0 600 18 628 5
37 598 143 657 (κη’
125 606 151 615 ·‘

135 492 157 517 ,ῃ
191 458 289 523 τῆς
327 453 467 506 κατὰ
504 451 609 522 τὴν
646 451 930 520 πυρκαϊὰν
955 457 1418 521 θαυματουργῖας
1457 454 1885 510 ένεσκοποῦντο.

192 539 284 591 καὶ
325 536 353 590 ὁ
391 538 496 606 μὲν
524 540 804 608 Θεαγένης
843 540 919 600 εἰς
954 542 1110 591 θεων
1137 536 1431 607 εὐμένειαν
1457 536 1518 591 τὸ
1550 544 1733 592 αἴτιον
1757 538 1888 594 ἀνέ-

3 666 66 694 o
51 664 154 688 μ,
193 642 351 691 φερε,
380 622 783 691 στυγησάντων
807 643 910 690 μεν
936 623 1043 690 τὴν
1069 621 1270 674 ἄδικον
1294 622 1562 693 Ἀρσάκης
1587 638 1910 698 συκοφανῇ

111 1467 174 1519 11

0 2334 86 2370 [ld
192 2340 196 2342 ’
230 2330 403 2397 *sps-“⁰³

52 2388 273 2440 1;.³*'‘²“”'
328 2399 333 2413 ’

192 710 337 774 τίαν,
378 707 836 775 κατελεησάντων
875 708 935 761 δε
974 705 1077 776 τὴν
1115 705 1309 777 ἀθῷον
1346 707 1439 760 καὶ
1478 706 1648 762 οὕδεν
1674 710 1883 762 αἰτίαν·

193 789 553 860 ἡΧαριῖκλεια
580 793 639 844 δὲ
668 790 1043 860 άμφιβάλλειν
1071 791 1246 862 ε’ςόκει.
1287 794 1350 843 τὸ
1369 793 1472 860 μὲν
1489 791 1598 860 γάρ
1619 812 1890 861 καινουρ-

192 874 315 944 γόν,
354 879 480 945 ἔφη,
518 879 616 944 τῆς
650 880 928 946 σωτηρίας
962 878 1226 946 δαιμονίᾳ
1262 875 1375 929 τινὶ
1401 879 1493 929 καὶ
1518 881 1650 947 θείᾳ
1673 877 1891 930 παντά-

195 976 367 1013 πασιν
395 964 577 1014 ἔοικεν
605 958 919 1030 εὐεργεσία·
959 959 1020 1013 τὸ
1049 962 1109 1012 δὲ
1139 960 1200 1012 έν
1225 961 1513 1022 τοσούτοις
1538 960 1891 1026 ἐξετάζεσθαι

196 1046 619 1115 δυστυχήμασιν
664 1046 1034 1111 άδιαστάτως,
1086 1045 1178 1097 καὶ
1229 1045 1533 1097 κολάσεσιν
1581 1046 1916 1117 αἰκίζεσθαιι

195 1133 461 1192 ποικίλως
497 1150 556 1182 τε
595 1132 686 1182 καὶ
724 1126 1211 1198 ὑπερβαλλόντως,
1249 1131 1720 1198 θεηλατουμένων
1746 1126 1891 1183 εἶναι

194 1215 287 1266 καὶ
309 1215 641 1283 δυσμενείας
660 1218 979 1281 κρείττονος
998 1213 1385 1282 πειρωμένων·
1410 1213 1559 1282 πλὴν
1582 1215 1632 1267 ει’
1648 1213 1721 1284 μὴ
1741 1219 1890 1268 θαυ-

193 1302 490 1369 ματοποιία
516 1302 598 1360 τίς
626 1300 743 1351 ἐστι
771 1299 1053 1366 δαίμονος,
1091 1300 1169 1358 εἰς
1190 1296 1257 1350 τὰ
1282 1300 1483 1365 ἔσχατα
1510 1298 1617 1365 μὲν
1640 1301 1890 1366 βάλλον-

194 1404 303 1451 τος,
346 1384 408 1437 ἐκ
448 1383 509 1436 δε
547 1403 660 1435 των
697 1382 925 1451 ἀπόρων
963 1383 1344 1447 διασώζοντος.

303 1469 397 1521 καὶ
447 1470 526 1521 ἔτι
575 1470 748 1519 ταῦτα
786 1469 1057 1534 λέγουσα,
1112 1469 1215 1519 τοῦ
1254 1449 1593 1534 Θεαγένους
1616 1466 1916 1536 εὐφημεῑνι

195 1555 662 1621 παρακαλοῦντος
699 1550 792 1604 καὶ
829 1555 931 1603 τοῦ
960 1548 1216 1618 εὐσεβεῖν
1242 1551 1416 1604 πλέον
1440 1549 1477 1620 ἢ
1514 1555 1616 1604 τοῦ
1652 1560 1891 1621 φρονεῖν

194 1636 526 1704 ἀντέχεσθαι
574 1640 1014 1704 παραινοῦντος,
1071 1636 1319 1704 ίλήκοιτε
1374 1638 1507 1688 θεοί
1552 1631 1887 1704 ἀνεβόησεν·

195 1714 320 1774 οἷον
345 1721 455 1788 γάρ
482 1740 576 1787 μοι
601 1724 713 1773 νῦν
725 1719 882 1789 ,ὄναρ
911 1723 1045 1788 (εἴτε
1071 1718 1164 1772 καὶ
1189 1718 1342 1786 ῦπαρ
1367 1711 1463 1788 ἦν)
1497 1720 1774 1788 ἐνθύμιον
1797 1719 1893 1788 γέ-

194 1825 383 1874 γονεν,
424 1801 454 1856 ὃ
490 1809 587 1872 τῆς
626 1797 960 1873 προτεραίας
1008 1805 1210 1856 ἰδοῦσα
1247 1801 1452 1865 νυκτὸς
1487 1804 1610 1857 τότε
1647 1804 1752 1871 μὲν
1786 1801 1891 1856 οῦκ

197 1886 287 1942 οἶδ
297 1888 309 1908 ’
339 1887 489 1950 ὅπως
514 1892 609 1957 τῆς
636 1889 888 1950 διανοίας
913 1886 1211 1954 ἀπέβαλον,
1250 1889 1382 1940 νυνὶ
1420 1888 1486 1940 δέ
1505 1907 1616 1955 μου
1643 1889 1721 1950 είς
1743 1885 1916 1956 μνῆ-1

196 1994 309 2043 μην
346 1973 710 2041 παραγέγονε.
769 1970 832 2024 τὸ
867 1972 927 2024 δὲ
966 1968 1103 2039 ὄναρ
1132 1974 1262 2033 ἔπος
1286 1962 1358 2039 ἦν
1386 1973 1463 2033 εἰς
1487 1973 1690 2039 μέτρον
1714 1969 1892 2041 ἡρμο-

198 2058 423 2126 σμένον.
482 2060 637 2124 ἔλεγε
678 2058 738 2109 δὲ
775 2054 837 2109 τὸ
877 2058 1008 2117 ἔπος
1046 2052 1075 2107 ὁ
1110 2055 1399 2117 θειότατος
1423 2058 1752 2124 Καλάσιρις,
1780 2060 1892 2108 εἴτε

197 2144 581 2209 καταδαρθεῖν
608 2139 866 2210 λαθούσῃ
896 2142 1111 2210 φανείς,
1142 2144 1249 2191 εἴτε
1277 2140 1369 2191 καὶ
1397 2140 1649 2207 ἐναργῶς
1674 2137 1889 2209 ὀφθείς.

201 2223 312 2295 εἶχε
350 2227 411 2278 δὲ
450 2222 603 2294 οἶμαι
641 2220 755 2277 ωδέ
787 2243 927 2287 πως·

455 2302 734 2382 παντάρβην
752 2321 1003 2387 φορέουσα
1006 2317 1152 2376 πυρὸς
1176 2317 1238 2378 μὴ
1264 2316 1422 2379 τάρβει
1447 2316 1610 2379 ἐρωήν.
1901 2322 1916 2361 1

523 2390 713 2464 ρῃιδίιρς
737 2396 918 2451 μοίραις
943 2392 1023 2436 καὶ
1049 2387 1330 2461 τάδόκητα
1309 2389 1446 2434 πέλει.

197 2477 347 2532 καὶὸ
376 2480 656 2547 Θεαγένης
682 2475 969 2547 διεσείσθη
1003 2497 1059 2530 τε
1084 2476 1271 2545 ωσπερ
1282 2462 1357 2528 οἱ
1378 2477 1634 2544 κάτοχοι,
1662 2471 1885 2545 καὶ(έφ’

199 2563 335 2616 ὅσον
374 2563 633 2617 ἐνεδίδου
672 2584 738 2615 τα
776 2561 1272 2631 δεσμὰῖάφήλατο,
1325 2580 1417 2612 και
1456 2559 1706 2626 εὐμενεῖς
1745 2563 1890 2628 εἴητε

197 2650 332 2701 θεοί
364 2646 665 2714 άνέκραγε·
708 2645 860 2714 κάγώ
901 2644 1010 2714 γάρ
1037 2666 1122 2698 τοι
1159 2642 1389 2712 ποιητής
1427 2644 1483 2707 ἐξ
1521 2643 1891 2712 ὑπομνήσεως

199 2731 633 2798 άναδείκνυμαι,
692 2730 785 2783 καὶ
834 2731 1079 2799 χρησμὸς
1123 2729 1333 2797 δήνμοι
1378 2726 1513 2796 παρ’
1555 2724 1750 2796 ὁμοίου
1785 2728 1916 2785 τοῦς

199 2816 476 2884 μάντεως,
527 2819 635 2867 εἴτε
671 2817 980 2883 Καλάσιρις
1025 2807 1100 2882 ἦν
1139 2817 1248 2866 εἴτε
1285 2810 1420 2875 θεὸς
1457 2813 1535 2873 εἰς
1573 2811 1916 2879 Καλάσιρινξ

201 2903 560 2969 φαινόμενος,
600 2894 919 2967 πεφοίτηκε.
986 2899 1077 2950 καὶ
1117 2898 1299 2964 λέγειν
1338 2893 1522 2949 ἐδόκει
1559 2894 1772 2948 τοιάδε·
1907 2886 1910 2890 ’

1891 3019 1916 3051 ε

1896 3058 1916 3132 ὲ
