<?xml version="1.0" encoding="UTF-8"?>
<!DOCTYPE html PUBLIC "-//W3C//DTD XHTML 1.0 Transitional//EN"
    "http://www.w3.org/TR/xhtml1/DTD/xhtml1-transitional.dtd">
<html xmlns="http://www.w3.org/1999/xhtml" xml:lang="en" lang="en">
 <head>
  <title>
</title>
<meta http-equiv="Content-Type" content="text/html;charset=utf-8" />
  <meta name='ocr-system' content='tesseract 3.04.00' />
  <meta name='ocr-capabilities' content='ocr_page ocr_carea ocr_par ocr_line ocrx_word'/>
</head>
<body>
  <div class='ocr_page' id='page_1' title='image "./aethiopicorumlib00heliuoft_0113.png"; bbox 0 0 1916 3132; ppageno 0'>
   <div class='ocr_carea' id='block_1_1' title="bbox 743 93 1775 148">
    <p class='ocr_par' dir='ltr' id='par_1_1' title="bbox 743 93 1775 148">
     <span class='ocr_line' id='line_1_1' title="bbox 743 93 1775 148; baseline 0.004 -5"><span class='ocrx_word' id='word_1_1' title='bbox 743 95 926 143; x_wconf 85' lang='lat' dir='ltr'><em>TETA</em></span> <span class='ocrx_word' id='word_1_2' title='bbox 933 94 1115 143; x_wconf 91' lang='lat' dir='ltr'><em>PTON</em></span> <span class='ocrx_word' id='word_1_3' title='bbox 1675 93 1775 148; x_wconf 87' lang='lat'><strong><em>103</em></strong></span> 
     </span>
    </p>
   </div>
   <div class='ocr_carea' id='block_1_2' title="bbox 0 229 1836 2931">
    <p class='ocr_par' dir='ltr' id='par_1_2' title="bbox 0 229 1814 1490">
     <span class='ocr_line' id='line_1_2' title="bbox 75 229 1776 303; baseline 0.001 -17"><span class='ocrx_word' id='word_1_4' title='bbox 75 237 295 303; x_wconf 78' lang='grc' dir='ltr'><strong><em>πρῶτα;</em></strong></span> <span class='ocrx_word' id='word_1_5' title='bbox 334 230 466 295; x_wconf 82' lang='grc' dir='ltr'><strong><em>τοῦς</em></strong></span> <span class='ocrx_word' id='word_1_6' title='bbox 502 232 565 286; x_wconf 78' lang='grc' dir='ltr'><strong><em>δὲ</em></strong></span> <span class='ocrx_word' id='word_1_7' title='bbox 603 232 815 301; x_wconf 89' lang='grc' dir='ltr'><strong><em>νόμους</em></strong></span> <span class='ocrx_word' id='word_1_8' title='bbox 854 229 959 285; x_wconf 80' lang='grc' dir='ltr'><strong><em>οὐκ</em></strong></span> <span class='ocrx_word' id='word_1_9' title='bbox 1000 230 1245 300; x_wconf 81' lang='grc' dir='ltr'><strong><em>ἐννοεῖς,</em></strong></span> <span class='ocrx_word' id='word_1_10' title='bbox 1287 235 1347 285; x_wconf 78' lang='grc' dir='ltr'><strong><em>οἳ</em></strong></span> <span class='ocrx_word' id='word_1_11' title='bbox 1378 231 1633 286; x_wconf 87' lang='grc' dir='ltr'><strong><em>θάνατον</em></strong></span> <span class='ocrx_word' id='word_1_12' title='bbox 1659 243 1776 297; x_wconf 86' lang='grc' dir='ltr'><strong><em>τοῖς</em></strong></span> 
     </span>
     <span class='ocr_line' id='line_1_3' title="bbox 74 313 1775 386; baseline -0.001 -14"><span class='ocrx_word' id='word_1_13' title='bbox 74 317 350 381; x_wconf 83' lang='grc' dir='ltr'><strong><em>τοιούτοις</em></strong></span> <span class='ocrx_word' id='word_1_14' title='bbox 369 316 802 386; x_wconf 85' lang='grc' dir='ltr'><strong><em>ἐπιβάλλουσιν;</em></strong></span> <span class='ocrx_word' id='word_1_15' title='bbox 833 317 964 385; x_wconf 73' lang='grc' dir='ltr'><strong><em>ἐγώ,</em></strong></span> <span class='ocrx_word' id='word_1_16' title='bbox 990 313 1128 383; x_wconf 81' lang='grc' dir='ltr'><strong><em>εἷπε,</em></strong></span> <span class='ocrx_word' id='word_1_17' title='bbox 1158 316 1251 369; x_wconf 88' lang='grc' dir='ltr'><strong><em>καὶ</em></strong></span> <span class='ocrx_word' id='word_1_18' title='bbox 1270 319 1541 370; x_wconf 81' lang='grc' dir='ltr'><strong><em>τελευτᾶν</em></strong></span> <span class='ocrx_word' id='word_1_19' title='bbox 1562 316 1631 370; x_wconf 87' lang='grc' dir='ltr'><strong><em>ου’</em></strong></span> <span class='ocrx_word' id='word_1_20' title='bbox 1652 319 1775 372; x_wconf 82' lang='grc' dir='ltr'><strong><em>δια-</em></strong></span> 
     </span>
     <span class='ocr_line' id='line_1_4' title="bbox 76 399 1776 471; baseline -0.001 -15"><span class='ocrx_word' id='word_1_21' title='bbox 76 402 317 471; x_wconf 79' lang='grc' dir='ltr'><strong><em>φέρομαι</em></strong></span> <span class='ocrx_word' id='word_1_22' title='bbox 351 400 540 470; x_wconf 76' lang='grc' dir='ltr'><strong><em>τυχών</em></strong></span> <span class='ocrx_word' id='word_1_23' title='bbox 564 405 915 469; x_wconf 88' lang='grc' dir='ltr'><strong><em>Χαρικλείας.</em></strong></span> <span class='ocrx_word' id='word_1_24' title='bbox 979 399 1104 455; x_wconf 83' lang='grc' dir='ltr'><strong><em>ἀλλ’</em></strong></span> <span class='ocrx_word' id='word_1_25' title='bbox 1133 400 1300 470; x_wconf 83' lang='grc' dir='ltr'><strong><em>ὅμως,</em></strong></span> <span class='ocrx_word' id='word_1_26' title='bbox 1340 403 1392 455; x_wconf 82' lang='grc' dir='ltr'><strong><em>εἰ</em></strong></span> <span class='ocrx_word' id='word_1_27' title='bbox 1414 402 1596 469; x_wconf 81' lang='grc' dir='ltr'><strong><em>δοκεῖ,</em></strong></span> <span class='ocrx_word' id='word_1_28' title='bbox 1635 401 1776 471; x_wconf 88' lang='grc' dir='ltr'><strong><em>πρὸς</em></strong></span> 
     </span>
     <span class='ocr_line' id='line_1_5' title="bbox 75 485 1775 558; baseline -0.001 -17"><span class='ocrx_word' id='word_1_29' title='bbox 75 489 259 555; x_wconf 93' lang='grc' dir='ltr'><strong><em>γάμον</em></strong></span> <span class='ocrx_word' id='word_1_30' title='bbox 296 489 565 555; x_wconf 73' lang='grc' dir='ltr'><strong><em>αἰτῶμεν,</em></strong></span> <span class='ocrx_word' id='word_1_31' title='bbox 604 491 680 556; x_wconf 78' lang='grc' dir='ltr'><strong><em>τῷ</em></strong></span> <span class='ocrx_word' id='word_1_32' title='bbox 719 489 887 553; x_wconf 82' lang='grc' dir='ltr'><strong><em>πατρὶ</em></strong></span> <span class='ocrx_word' id='word_1_33' title='bbox 927 485 1286 556; x_wconf 81' lang='grc' dir='ltr'><strong><em>προσιόντες·</em></strong></span> <span class='ocrx_word' id='word_1_34' title='bbox 1339 485 1406 539; x_wconf 85' lang='grc' dir='ltr'><strong><em>οὐ</em></strong></span> <span class='ocrx_word' id='word_1_35' title='bbox 1443 488 1554 556; x_wconf 84' lang='grc' dir='ltr'><strong><em>γὰρ</em></strong></span> <span class='ocrx_word' id='word_1_36' title='bbox 1595 485 1663 557; x_wconf 79' lang='grc' dir='ltr'><strong><em>δὴ</em></strong></span> <span class='ocrx_word' id='word_1_37' title='bbox 1701 486 1775 558; x_wconf 81' lang='grc' dir='ltr'><strong><em>μὴ</em></strong></span> 
     </span>
     <span class='ocr_line' id='line_1_6' title="bbox 26 567 1774 643; baseline 0.002 -22"><span class='ocrx_word' id='word_1_38' title='bbox 26 587 46 621; x_wconf 73' lang='lat'><strong>⁶</strong></span> <span class='ocrx_word' id='word_1_39' title='bbox 77 567 306 636; x_wconf 81' lang='grc' dir='ltr'><strong><em>ἀνάξιοί</em></strong></span> <span class='ocrx_word' id='word_1_40' title='bbox 334 592 396 641; x_wconf 91' lang='grc' dir='ltr'><strong><em>γε</em></strong></span> <span class='ocrx_word' id='word_1_41' title='bbox 424 570 584 635; x_wconf 86' lang='grc' dir='ltr'><strong><em>ὅντες</em></strong></span> <span class='ocrx_word' id='word_1_42' title='bbox 610 575 685 643; x_wconf 81' lang='grc' dir='ltr'><strong><em>τῷ</em></strong></span> <span class='ocrx_word' id='word_1_43' title='bbox 714 574 990 639; x_wconf 79' lang='grc' dir='ltr'><strong><em>Χαρικλεῖ</em></strong></span> <span class='ocrx_word' id='word_1_44' title='bbox 1011 572 1381 642; x_wconf 86' lang='grc' dir='ltr'><strong><em>κηδεύσομεν.</em></strong></span> <span class='ocrx_word' id='word_1_45' title='bbox 1439 569 1547 625; x_wconf 88' lang='grc' dir='ltr'><strong><em>ούκ</em></strong></span> <span class='ocrx_word' id='word_1_46' title='bbox 1574 570 1647 624; x_wconf 72' lang='grc' dir='ltr'><strong><em>ἂν</em></strong></span> <span class='ocrx_word' id='word_1_47' title='bbox 1673 574 1774 625; x_wconf 88' lang='grc' dir='ltr'><strong><em>τύ-</em></strong></span> 
     </span>
     <span class='ocr_line' id='line_1_7' title="bbox 71 653 1777 727; baseline 0.001 -17"><span class='ocrx_word' id='word_1_48' title='bbox 71 675 284 725; x_wconf 82' lang='grc' dir='ltr'><strong><em>χοιμεν,</em></strong></span> <span class='ocrx_word' id='word_1_49' title='bbox 313 659 479 726; x_wconf 78' lang='grc' dir='ltr'><strong><em>ἔφην’</em></strong></span> <span class='ocrx_word' id='word_1_50' title='bbox 520 654 624 725; x_wconf 81' lang='grc' dir='ltr'><strong><em>οὐχ</em></strong></span> <span class='ocrx_word' id='word_1_51' title='bbox 651 655 734 709; x_wconf 81' lang='grc' dir='ltr'><strong><em>ὅτι</em></strong></span> <span class='ocrx_word' id='word_1_52' title='bbox 768 660 884 709; x_wconf 77' lang='grc' dir='ltr'><strong><em>τῶν</em></strong></span> <span class='ocrx_word' id='word_1_53' title='bbox 922 653 1062 709; x_wconf 73' lang='grc' dir='ltr'><strong><em>κατὰ</em></strong></span> <span class='ocrx_word' id='word_1_54' title='bbox 1090 657 1157 709; x_wconf 91' lang='grc' dir='ltr'><strong><em>σέ</em></strong></span> <span class='ocrx_word' id='word_1_55' title='bbox 1186 676 1238 710; x_wconf 92' lang='grc' dir='ltr'><strong><em>τι</em></strong></span> <span class='ocrx_word' id='word_1_56' title='bbox 1265 656 1515 711; x_wconf 88' lang='grc' dir='ltr'><strong><em>δυνατὸν</em></strong></span> <span class='ocrx_word' id='word_1_57' title='bbox 1545 658 1777 727; x_wconf 86' lang='grc' dir='ltr'><strong><em>ἐπιμέμ-</em></strong></span> 
     </span>
     <span class='ocr_line' id='line_1_8' title="bbox 74 738 1776 812; baseline 0.002 -19"><span class='ocrx_word' id='word_1_58' title='bbox 74 746 323 808; x_wconf 81' lang='grc' dir='ltr'><strong><em>ψασθαι,</em></strong></span> <span class='ocrx_word' id='word_1_59' title='bbox 372 738 493 795; x_wconf 84' lang='grc' dir='ltr'><strong><em>ἀλλ’</em></strong></span> <span class='ocrx_word' id='word_1_60' title='bbox 536 739 565 795; x_wconf 90' lang='grc' dir='ltr'>ὁ</span> <span class='ocrx_word' id='word_1_61' title='bbox 605 744 890 810; x_wconf 75' lang='grc' dir='ltr'><strong><em>Χαρικλῆς</em></strong></span> <span class='ocrx_word' id='word_1_62' title='bbox 921 740 1193 810; x_wconf 53' lang='grc' dir='ltr'><strong><em>ζἀδελφῆς</em></strong></span> <span class='ocrx_word' id='word_1_63' title='bbox 1231 741 1435 795; x_wconf 83' lang='grc' dir='ltr'><strong><em>ἑαυτοῦ</em></strong></span> <span class='ocrx_word' id='word_1_64' title='bbox 1476 741 1636 795; x_wconf 86' lang='grc' dir='ltr'><strong><em>παιδὶ</em></strong></span> <span class='ocrx_word' id='word_1_65' title='bbox 1673 740 1776 812; x_wconf 84' lang='grc' dir='ltr'><strong><em>τὴν</em></strong></span> 
     </span>
     <span class='ocr_line' id='line_1_9' title="bbox 73 824 1778 896; baseline 0.001 -18"><span class='ocrx_word' id='word_1_66' title='bbox 73 824 251 894; x_wconf 80' lang='grc' dir='ltr'><strong><em>κόρην</em></strong></span> <span class='ocrx_word' id='word_1_67' title='bbox 275 828 450 879; x_wconf 91' lang='grc' dir='ltr'><strong><em>πάλαι</em></strong></span> <span class='ocrx_word' id='word_1_68' title='bbox 477 827 879 895; x_wconf 79' lang='grc' dir='ltr'><strong><em>κατηγγύησεν.</em></strong></span> <span class='ocrx_word' id='word_1_69' title='bbox 936 826 1187 895; x_wconf 80' lang='grc' dir='ltr'><strong><em>οἰμώξει,</em></strong></span> <span class='ocrx_word' id='word_1_70' title='bbox 1229 829 1336 896; x_wconf 82' lang='grc' dir='ltr'><strong><em>ἔφη</em></strong></span> <span class='ocrx_word' id='word_1_71' title='bbox 1367 828 1677 896; x_wconf 83' lang='grc' dir='ltr'><strong><em>Θεαγένης,</em></strong></span> <span class='ocrx_word' id='word_1_72' title='bbox 1720 825 1778 890; x_wconf 85' lang='grc' dir='ltr'><strong><em>ὄς</em></strong></span> 
     </span>
     <span class='ocr_line' id='line_1_10' title="bbox 71 909 1777 980; baseline 0.002 -18"><span class='ocrx_word' id='word_1_73' title='bbox 71 929 152 972; x_wconf 87' lang='grc' dir='ltr'><strong><em>τις</em></strong></span> <span class='ocrx_word' id='word_1_74' title='bbox 178 909 317 963; x_wconf 90' lang='grc' dir='ltr'><strong><em>ποτέ</em></strong></span> <span class='ocrx_word' id='word_1_75' title='bbox 338 911 509 965; x_wconf 88' lang='grc' dir='ltr'><strong><em>ἐστιν.</em></strong></span> <span class='ocrx_word' id='word_1_76' title='bbox 551 910 619 963; x_wconf 86' lang='grc' dir='ltr'><strong><em>ού</em></strong></span> <span class='ocrx_word' id='word_1_77' title='bbox 644 911 753 980; x_wconf 88' lang='grc' dir='ltr'><strong><em>γάρ</em></strong></span> <span class='ocrx_word' id='word_1_78' title='bbox 778 931 858 975; x_wconf 88' lang='grc' dir='ltr'><strong><em>τις</em></strong></span> <span class='ocrx_word' id='word_1_79' title='bbox 881 913 1021 980; x_wconf 87' lang='grc' dir='ltr'><strong><em>ἐμοῦ</em></strong></span> <span class='ocrx_word' id='word_1_80' title='bbox 1043 914 1246 976; x_wconf 75' lang='grc' dir='ltr'><strong><em>ζῶντος</em></strong></span> <span class='ocrx_word' id='word_1_81' title='bbox 1271 912 1460 979; x_wconf 83' lang='grc' dir='ltr'><strong><em>ἕτερος</em></strong></span> <span class='ocrx_word' id='word_1_82' title='bbox 1485 911 1777 980; x_wconf 86' lang='grc' dir='ltr'><strong><em>θαλαμεύ-</em></strong></span> 
     </span>
     <span class='ocr_line' id='line_1_11' title="bbox 1 992 1775 1066; baseline 0.002 -20"><span class='ocrx_word' id='word_1_83' title='bbox 1 1009 43 1046; x_wconf 86' lang='lat'><strong><em>10</em></strong></span> <span class='ocrx_word' id='word_1_84' title='bbox 75 1010 160 1048; x_wconf 88' lang='grc' dir='ltr'><strong><em>σει</em></strong></span> <span class='ocrx_word' id='word_1_85' title='bbox 186 998 557 1062; x_wconf 82' lang='grc' dir='ltr'><strong><em>Χαρίκλειαν·</em></strong></span> <span class='ocrx_word' id='word_1_86' title='bbox 612 993 713 1064; x_wconf 83' lang='grc' dir='ltr'><strong><em>οὐχ</em></strong></span> <span class='ocrx_word' id='word_1_87' title='bbox 747 994 923 1058; x_wconf 78' lang='grc' dir='ltr'><strong><em>οὕτως</em></strong></span> <span class='ocrx_word' id='word_1_88' title='bbox 956 995 1059 1064; x_wconf 82' lang='grc' dir='ltr'><strong><em>ἥδε</em></strong></span> <span class='ocrx_word' id='word_1_89' title='bbox 1095 992 1128 1064; x_wconf 83' lang='grc' dir='ltr'><strong><em>ἡ</em></strong></span> <span class='ocrx_word' id='word_1_90' title='bbox 1165 996 1284 1064; x_wconf 84' lang='grc' dir='ltr'><strong><em>χεὶρ</em></strong></span> <span class='ocrx_word' id='word_1_91' title='bbox 1324 996 1416 1049; x_wconf 86' lang='grc' dir='ltr'><strong><em>καὶ</em></strong></span> <span class='ocrx_word' id='word_1_92' title='bbox 1445 996 1607 1066; x_wconf 83' lang='grc' dir='ltr'><strong><em>ξίφος</em></strong></span> <span class='ocrx_word' id='word_1_93' title='bbox 1641 995 1775 1050; x_wconf 86' lang='grc' dir='ltr'><strong><em>τού-</em></strong></span> 
     </span>
     <span class='ocr_line' id='line_1_12' title="bbox 72 1077 1772 1150; baseline 0.002 -18"><span class='ocrx_word' id='word_1_94' title='bbox 72 1077 182 1147; x_wconf 88' lang='grc' dir='ltr'><strong><em>μόν</em></strong></span> <span class='ocrx_word' id='word_1_95' title='bbox 206 1077 454 1149; x_wconf 82' lang='grc' dir='ltr'><strong><em>ἀργήσει.</em></strong></span> <span class='ocrx_word' id='word_1_96' title='bbox 499 1084 747 1148; x_wconf 88' lang='grc' dir='ltr'><strong><em>παῦσαι,</em></strong></span> <span class='ocrx_word' id='word_1_97' title='bbox 784 1083 953 1149; x_wconf 78' lang='grc' dir='ltr'><strong><em>ἔφην·</em></strong></span> <span class='ocrx_word' id='word_1_98' title='bbox 996 1077 1232 1142; x_wconf 84' lang='grc' dir='ltr'><strong><em>οὐδενὸς</em></strong></span> <span class='ocrx_word' id='word_1_99' title='bbox 1267 1082 1455 1150; x_wconf 79' lang='grc' dir='ltr'><strong><em>δεήσει</em></strong></span> <span class='ocrx_word' id='word_1_100' title='bbox 1481 1081 1772 1135; x_wconf 90' lang='grc' dir='ltr'><strong><em>τοιούτου·</em></strong></span> 
     </span>
     <span class='ocr_line' id='line_1_13' title="bbox 72 1158 1814 1237; baseline 0.002 -21"><span class='ocrx_word' id='word_1_101' title='bbox 72 1163 252 1233; x_wconf 86' lang='grc' dir='ltr'><strong><em>μόνον</em></strong></span> <span class='ocrx_word' id='word_1_102' title='bbox 280 1165 403 1232; x_wconf 85' lang='grc' dir='ltr'><strong><em>ἐμοὶ</em></strong></span> <span class='ocrx_word' id='word_1_103' title='bbox 421 1168 752 1229; x_wconf 74' lang='grc' dir='ltr'><strong><em>πείθεσθαι,</em></strong></span> <span class='ocrx_word' id='word_1_104' title='bbox 781 1163 873 1218; x_wconf 87' lang='grc' dir='ltr'><strong><em>καὶ</em></strong></span> <span class='ocrx_word' id='word_1_105' title='bbox 895 1164 1162 1233; x_wconf 87' lang='grc' dir='ltr'><strong><em>πράττειν</em></strong></span> <span class='ocrx_word' id='word_1_106' title='bbox 1189 1163 1265 1229; x_wconf 73' lang='grc' dir='ltr'><strong><em>ὣς</em></strong></span> <span class='ocrx_word' id='word_1_107' title='bbox 1285 1160 1356 1219; x_wconf 72' lang='grc' dir='ltr'><strong><em>ἂν</em></strong></span> <span class='ocrx_word' id='word_1_108' title='bbox 1375 1163 1774 1237; x_wconf 82' lang='grc' dir='ltr'><strong><em>ὑφηγήσωμαι.</em></strong></span> <span class='ocrx_word' id='word_1_109' title='bbox 1808 1158 1814 1161; x_wconf 40' lang='grc'><strong><em>’</em></strong></span> 
     </span>
     <span class='ocr_line' id='line_1_14' title="bbox 76 1247 1777 1319; baseline 0.002 -18"><span class='ocrx_word' id='word_1_110' title='bbox 76 1248 183 1301; x_wconf 87' lang='grc' dir='ltr'><strong><em>νῦν</em></strong></span> <span class='ocrx_word' id='word_1_111' title='bbox 222 1248 284 1303; x_wconf 79' lang='grc' dir='ltr'><strong><em>δὲ</em></strong></span> <span class='ocrx_word' id='word_1_112' title='bbox 326 1247 638 1319; x_wconf 73' lang='grc' dir='ltr'><strong><em>ἀποχωρει,</em></strong></span> <span class='ocrx_word' id='word_1_113' title='bbox 689 1249 781 1303; x_wconf 83' lang='grc' dir='ltr'><strong><em>καὶ</em></strong></span> <span class='ocrx_word' id='word_1_114' title='bbox 830 1250 1123 1319; x_wconf 81' lang='grc' dir='ltr'><strong><em>φυλάττου</em></strong></span> <span class='ocrx_word' id='word_1_115' title='bbox 1173 1254 1424 1319; x_wconf 78' lang='grc' dir='ltr'><strong><em>συνεχῶς</em></strong></span> <span class='ocrx_word' id='word_1_116' title='bbox 1462 1253 1777 1319; x_wconf 83' lang='grc' dir='ltr'><strong><em>φαίνεσθαι</em></strong></span> 
     </span>
     <span class='ocr_line' id='line_1_15' title="bbox 73 1330 1777 1404; baseline 0.002 -18"><span class='ocrx_word' id='word_1_117' title='bbox 73 1330 420 1402; x_wconf 77' lang='grc' dir='ltr'><strong><em>πλησιάζων,</em></strong></span> <span class='ocrx_word' id='word_1_118' title='bbox 458 1332 584 1387; x_wconf 85' lang='grc' dir='ltr'><strong><em>ἀλλ’</em></strong></span> <span class='ocrx_word' id='word_1_119' title='bbox 617 1332 701 1404; x_wconf 80' lang='grc' dir='ltr'><strong><em>ἐφ’</em></strong></span> <span class='ocrx_word' id='word_1_120' title='bbox 736 1332 973 1403; x_wconf 81' lang='grc' dir='ltr'><strong><em>ἡσυχίας</em></strong></span> <span class='ocrx_word' id='word_1_121' title='bbox 1008 1335 1101 1388; x_wconf 84' lang='grc' dir='ltr'><strong><em>καὶ</em></strong></span> <span class='ocrx_word' id='word_1_122' title='bbox 1139 1334 1310 1402; x_wconf 87' lang='grc' dir='ltr'><strong><em>μόνος</em></strong></span> <span class='ocrx_word' id='word_1_123' title='bbox 1347 1339 1516 1388; x_wconf 88' lang='grc' dir='ltr'><strong><em>ποιοῦ</em></strong></span> <span class='ocrx_word' id='word_1_124' title='bbox 1552 1333 1649 1398; x_wconf 75' lang='grc' dir='ltr'><strong><em>τὰς</em></strong></span> <span class='ocrx_word' id='word_1_125' title='bbox 1677 1336 1777 1389; x_wconf 81' lang='grc' dir='ltr'><strong><em>έν-</em></strong></span> 
     </span>
     <span class='ocr_line' id='line_1_16' title="bbox 0 1412 836 1490; baseline 0.004 -21"><span class='ocrx_word' id='word_1_126' title='bbox 0 1434 40 1469; x_wconf 80' lang='lat'><strong><em>15</em></strong></span> <span class='ocrx_word' id='word_1_127' title='bbox 73 1417 299 1481; x_wconf 83' lang='grc' dir='ltr'><strong><em>τεύξεις.</em></strong></span> <span class='ocrx_word' id='word_1_128' title='bbox 363 1412 530 1490; x_wconf 79' lang='grc' dir='ltr'><strong><em>ἀπῄει</em></strong></span> <span class='ocrx_word' id='word_1_129' title='bbox 568 1420 836 1489; x_wconf 81' lang='grc' dir='ltr'><strong><em>κατηφής.</em></strong></span> 
     </span>
    </p>

    <p class='ocr_par' dir='ltr' id='par_1_3' title="bbox 70 1499 1836 1829">
     <span class='ocr_line' id='line_1_17' title="bbox 179 1499 1836 1574; baseline 0.004 -19"><span class='ocrx_word' id='word_1_130' title='bbox 179 1499 206 1555; x_wconf 85' lang='grc' dir='ltr'>ὁ</span> <span class='ocrx_word' id='word_1_131' title='bbox 241 1503 302 1556; x_wconf 81' lang='grc' dir='ltr'><strong><em>δὲ</em></strong></span> <span class='ocrx_word' id='word_1_132' title='bbox 342 1504 625 1573; x_wconf 77' lang='grc' dir='ltr'><strong><em>Χαρικλῆς</em></strong></span> <span class='ocrx_word' id='word_1_133' title='bbox 660 1506 739 1567; x_wconf 85' lang='grc' dir='ltr'><strong><em>είς</em></strong></span> <span class='ocrx_word' id='word_1_134' title='bbox 773 1502 875 1572; x_wconf 87' lang='grc' dir='ltr'><strong><em>τὴν</em></strong></span> <span class='ocrx_word' id='word_1_135' title='bbox 908 1502 1216 1571; x_wconf 84' lang='grc' dir='ltr'><strong><em>ὑστεραίαν</em></strong></span> <span class='ocrx_word' id='word_1_136' title='bbox 1255 1502 1509 1573; x_wconf 74' lang='grc' dir='ltr'><strong><em>ἐντυχών</em></strong></span> <span class='ocrx_word' id='word_1_137' title='bbox 1548 1502 1690 1574; x_wconf 89' lang='grc' dir='ltr'><strong><em>ὁμοῦ</em></strong></span> <span class='ocrx_word' id='word_1_138' title='bbox 1717 1524 1776 1559; x_wconf 87' lang='grc' dir='ltr'><strong><em>τε</em></strong></span> <span class='ocrx_word' id='word_1_139' title='bbox 1807 1510 1836 1562; x_wconf 82' lang='grc'>7</span> 
     </span>
     <span class='ocr_line' id='line_1_18' title="bbox 73 1583 1775 1658; baseline 0.002 -19"><span class='ocrx_word' id='word_1_140' title='bbox 73 1583 205 1655; x_wconf 83' lang='grc' dir='ltr'><strong><em>εἶδε,</em></strong></span> <span class='ocrx_word' id='word_1_141' title='bbox 234 1586 327 1639; x_wconf 87' lang='grc' dir='ltr'><strong><em>καὶ</em></strong></span> <span class='ocrx_word' id='word_1_142' title='bbox 349 1586 731 1657; x_wconf 73' lang='grc' dir='ltr'><strong><em>προσδραμών</em></strong></span> <span class='ocrx_word' id='word_1_143' title='bbox 758 1588 938 1657; x_wconf 80' lang='grc' dir='ltr'><strong><em>ἐφίλει</em></strong></span> <span class='ocrx_word' id='word_1_144' title='bbox 964 1586 1146 1642; x_wconf 80' lang='grc' dir='ltr'><strong><em>πολλὰ</em></strong></span> <span class='ocrx_word' id='word_1_145' title='bbox 1167 1587 1270 1657; x_wconf 80' lang='grc' dir='ltr'><strong><em>τήν</em></strong></span> <span class='ocrx_word' id='word_1_146' title='bbox 1298 1591 1775 1658; x_wconf 58' lang='grc' dir='ltr'><strong><em>κεφαλήν,,,τοῦτο</em></strong></span> 
     </span>
     <span class='ocr_line' id='line_1_19' title="bbox 71 1671 1771 1743; baseline 0.002 -20"><span class='ocrx_word' id='word_1_147' title='bbox 71 1674 270 1739; x_wconf 83' lang='grc' dir='ltr'><strong><em>σοφία,</em></strong></span> <span class='ocrx_word' id='word_1_148' title='bbox 310 1675 476 1725; x_wconf 87' lang='grc' dir='ltr'><strong><em>τοῦτο</em></strong></span> <span class='ocrx_word' id='word_1_149' title='bbox 515 1675 709 1741; x_wconf 74' lang='grc' dir='ltr'><strong><em>φιλία,</em></strong></span> <span class='ocrx_word' id='word_1_150' title='bbox 754 1677 1004 1742; x_wconf 77' lang='grc' dir='ltr'><strong><em>συνεχῶς</em></strong></span> <span class='ocrx_word' id='word_1_151' title='bbox 1043 1671 1325 1742; x_wconf 73' lang='grc' dir='ltr'><strong><em>ἀναβοῶν.</em></strong></span> <span class='ocrx_word' id='word_1_152' title='bbox 1399 1671 1649 1743; x_wconf 80' lang='grc' dir='ltr'><strong><em>ἤνυσταί</em></strong></span> <span class='ocrx_word' id='word_1_153' title='bbox 1682 1689 1771 1728; x_wconf 93' lang='grc' dir='ltr'><strong><em>σοι</em></strong></span> 
     </span>
     <span class='ocr_line' id='line_1_20' title="bbox 70 1756 1774 1829; baseline 0.002 -21"><span class='ocrx_word' id='word_1_154' title='bbox 70 1756 211 1824; x_wconf 83' lang='grc' dir='ltr'><strong><em>μέγα</em></strong></span> <span class='ocrx_word' id='word_1_155' title='bbox 231 1758 424 1824; x_wconf 87' lang='grc' dir='ltr'><strong><em>ἔργον·</em></strong></span> <span class='ocrx_word' id='word_1_156' title='bbox 467 1757 714 1812; x_wconf 83' lang='grc' dir='ltr'><strong><em>ἑάλωκεν</em></strong></span> <span class='ocrx_word' id='word_1_157' title='bbox 745 1756 777 1827; x_wconf 85' lang='grc' dir='ltr'>ἡ</span> <span class='ocrx_word' id='word_1_158' title='bbox 800 1758 1125 1820; x_wconf 80' lang='grc' dir='ltr'><strong><em>δυσάλωτος</em></strong></span> <span class='ocrx_word' id='word_1_159' title='bbox 1147 1758 1238 1811; x_wconf 82' lang='grc' dir='ltr'><strong><em>καὶ</em></strong></span> <span class='ocrx_word' id='word_1_160' title='bbox 1260 1761 1550 1829; x_wconf 88' lang='grc' dir='ltr'><strong><em>νενίκηται</em></strong></span> <span class='ocrx_word' id='word_1_161' title='bbox 1578 1757 1611 1829; x_wconf 84' lang='grc' dir='ltr'><em>ἡ</em></span> <span class='ocrx_word' id='word_1_162' title='bbox 1635 1760 1774 1811; x_wconf 91' lang='grc' dir='ltr'><strong><em>δυσ-</em></strong></span> 
     </span>
    </p>

    <p class='ocr_par' dir='ltr' id='par_1_4' title="bbox 0 1839 1774 2251">
     <span class='ocr_line' id='line_1_21' title="bbox 0 1839 1772 1913; baseline 0.003 -21"><span class='ocrx_word' id='word_1_163' title='bbox 0 1857 41 1892; x_wconf 82' lang='lat'><strong><em>20</em></strong></span> <span class='ocrx_word' id='word_1_164' title='bbox 73 1839 477 1910; x_wconf 89' lang='grc' dir='ltr'><strong><em>καταμάχητος·</em></strong></span> <span class='ocrx_word' id='word_1_165' title='bbox 529 1843 632 1913; x_wconf 78' lang='grc' dir='ltr'><strong><em>ἐρᾷ</em></strong></span> <span class='ocrx_word' id='word_1_166' title='bbox 680 1844 1004 1911; x_wconf 88' lang='grc' dir='ltr'><strong><em>Χαρίκλεια.</em></strong></span> <span class='ocrx_word' id='word_1_167' title='bbox 1091 1841 1232 1913; x_wconf 85' lang='grc' dir='ltr'><strong><em>πρὸς</em></strong></span> <span class='ocrx_word' id='word_1_168' title='bbox 1268 1847 1442 1896; x_wconf 89' lang='grc' dir='ltr'><strong><em>ταῦτα</em></strong></span> <span class='ocrx_word' id='word_1_169' title='bbox 1486 1842 1772 1912; x_wconf 80' lang='grc' dir='ltr'><strong><em>ἐθρυπτό-</em></strong></span> 
     </span>
     <span class='ocr_line' id='line_1_22' title="bbox 70 1914 1772 2001; baseline 0.003 -25"><span class='ocrx_word' id='word_1_170' title='bbox 70 1943 201 1993; x_wconf 89' lang='grc' dir='ltr'><strong><em>μην,</em></strong></span> <span class='ocrx_word' id='word_1_171' title='bbox 228 1922 491 1980; x_wconf 83' lang='grc' dir='ltr'><strong><em>ἀνέσπων</em></strong></span> <span class='ocrx_word' id='word_1_172' title='bbox 516 1946 576 1980; x_wconf 88' lang='grc' dir='ltr'><strong><em>τε</em></strong></span> <span class='ocrx_word' id='word_1_173' title='bbox 602 1925 705 1997; x_wconf 80' lang='grc' dir='ltr'><strong><em>τὴν</em></strong></span> <span class='ocrx_word' id='word_1_174' title='bbox 734 1925 941 1996; x_wconf 89' lang='grc' dir='ltr'><strong><em>ὀφρύν,</em></strong></span> <span class='ocrx_word' id='word_1_175' title='bbox 971 1925 1064 1980; x_wconf 85' lang='grc' dir='ltr'><strong><em>καὶ</em></strong></span> <span class='ocrx_word' id='word_1_176' title='bbox 1091 1929 1386 2001; x_wconf 33' lang='grc' dir='ltr'><strong><em>β-λακεᾷδᾼες</em></strong></span> <span class='ocrx_word' id='word_1_177' title='bbox 1404 1914 1652 1999; x_wconf 48' lang='grc' dir='ltr'><strong><em>βαίνων,</em></strong></span> <span class='ocrx_word' id='word_1_178' title='bbox 1675 1926 1772 1981; x_wconf 81' lang='grc' dir='ltr'><strong><em>εὕ-</em></strong></span> 
     </span>
     <span class='ocr_line' id='line_1_23' title="bbox 69 2001 1774 2082; baseline 0.004 -21"><span class='ocrx_word' id='word_1_179' title='bbox 69 2009 247 2078; x_wconf 90' lang='grc' dir='ltr'><strong><em>δηλον</em></strong></span> <span class='ocrx_word' id='word_1_180' title='bbox 283 2001 373 2079; x_wconf 82' lang='grc' dir='ltr'><strong><em>ἦν,</em></strong></span> <span class='ocrx_word' id='word_1_181' title='bbox 414 2014 629 2080; x_wconf 84' lang='grc' dir='ltr'><strong><em>ἔλεγον,</em></strong></span> <span class='ocrx_word' id='word_1_182' title='bbox 669 2009 743 2074; x_wconf 74' lang='grc' dir='ltr'><strong><em>ὥς</em></strong></span> <span class='ocrx_word' id='word_1_183' title='bbox 781 2010 912 2066; x_wconf 82' lang='grc' dir='ltr'><strong><em>οὐδὲ</em></strong></span> <span class='ocrx_word' id='word_1_184' title='bbox 952 2010 1092 2080; x_wconf 84' lang='grc' dir='ltr'><strong><em>πρὸς</em></strong></span> <span class='ocrx_word' id='word_1_185' title='bbox 1130 2012 1237 2082; x_wconf 84' lang='grc' dir='ltr'><strong><em>τὴν</em></strong></span> <span class='ocrx_word' id='word_1_186' title='bbox 1275 2015 1508 2082; x_wconf 76' lang='grc' dir='ltr'><strong><em>πρώτην</em></strong></span> <span class='ocrx_word' id='word_1_187' title='bbox 1547 2010 1774 2077; x_wconf 79' lang='grc' dir='ltr'><strong><em>ἀνθέξει</em></strong></span> 
     </span>
     <span class='ocr_line' id='line_1_24' title="bbox 69 2093 1772 2166; baseline 0.002 -19"><span class='ocrx_word' id='word_1_188' title='bbox 69 2093 400 2164; x_wconf 87' lang='grc' dir='ltr'><strong><em>προσβολὴν</em></strong></span> <span class='ocrx_word' id='word_1_189' title='bbox 427 2095 582 2164; x_wconf 85' lang='grc' dir='ltr'><strong><em>ἐμοῦ,</em></strong></span> <span class='ocrx_word' id='word_1_190' title='bbox 611 2094 705 2148; x_wconf 86' lang='grc' dir='ltr'><strong><em>καὶ</em></strong></span> <span class='ocrx_word' id='word_1_191' title='bbox 730 2099 906 2150; x_wconf 88' lang='grc' dir='ltr'><strong><em>ταῦτα</em></strong></span> <span class='ocrx_word' id='word_1_192' title='bbox 933 2098 1134 2166; x_wconf 87' lang='grc' dir='ltr'><strong><em>μηδενὶ</em></strong></span> <span class='ocrx_word' id='word_1_193' title='bbox 1160 2102 1276 2152; x_wconf 79' lang='grc' dir='ltr'><strong><em>τῶν</em></strong></span> <span class='ocrx_word' id='word_1_194' title='bbox 1303 2097 1577 2166; x_wconf 82' lang='grc' dir='ltr'><strong><em>μειζόνων</em></strong></span> <span class='ocrx_word' id='word_1_195' title='bbox 1603 2096 1772 2166; x_wconf 86' lang='grc' dir='ltr'><strong><em>ὀχλή-</em></strong></span> 
     </span>
     <span class='ocr_line' id='line_1_25' title="bbox 69 2171 1770 2251; baseline 0.002 -19"><span class='ocrx_word' id='word_1_196' title='bbox 69 2194 288 2240; x_wconf 90' lang='grc' dir='ltr'><strong><em>σαντος.</em></strong></span> <span class='ocrx_word' id='word_1_197' title='bbox 346 2178 488 2232; x_wconf 76' lang='grc' dir='ltr'><strong><em>ἀλλὰ</em></strong></span> <span class='ocrx_word' id='word_1_198' title='bbox 523 2179 707 2234; x_wconf 83' lang='grc' dir='ltr'><strong><em>πόθεν</em></strong></span> <span class='ocrx_word' id='word_1_199' title='bbox 743 2171 785 2234; x_wconf 75' lang='grc' dir='ltr'><em>ὦ</em></span> <span class='ocrx_word' id='word_1_200' title='bbox 813 2183 1112 2248; x_wconf 88' lang='grc' dir='ltr'><strong><em>Χαρίκλεις</em></strong></span> <span class='ocrx_word' id='word_1_201' title='bbox 1150 2182 1372 2249; x_wconf 77' lang='grc' dir='ltr'><strong><em>ἐρῶσαν</em></strong></span> <span class='ocrx_word' id='word_1_202' title='bbox 1402 2183 1770 2251; x_wconf 84' lang='grc' dir='ltr'><strong><em>ἐγνωρίσατε;</em></strong></span> 
     </span>
    </p>

    <p class='ocr_par' dir='ltr' id='par_1_5' title="bbox 0 2262 1774 2675">
     <span class='ocr_line' id='line_1_26' title="bbox 0 2262 1771 2337; baseline 0.003 -22"><span class='ocrx_word' id='word_1_203' title='bbox 0 2280 39 2316; x_wconf 80' lang='lat'><strong><em>25</em></strong></span> <span class='ocrx_word' id='word_1_204' title='bbox 68 2262 157 2316; x_wconf 89' lang='grc' dir='ltr'><strong><em>σοὶ</em></strong></span> <span class='ocrx_word' id='word_1_205' title='bbox 183 2265 534 2331; x_wconf 85' lang='grc' dir='ltr'><strong><em>πεισθέντες,</em></strong></span> <span class='ocrx_word' id='word_1_206' title='bbox 564 2267 688 2334; x_wconf 82' lang='grc' dir='ltr'><strong><em>ἔφη.</em></strong></span> <span class='ocrx_word' id='word_1_207' title='bbox 746 2264 874 2329; x_wconf 84' lang='grc' dir='ltr'><strong><em>τούς</em></strong></span> <span class='ocrx_word' id='word_1_208' title='bbox 899 2265 1007 2337; x_wconf 77' lang='grc' dir='ltr'><strong><em>γάρ</em></strong></span> <span class='ocrx_word' id='word_1_209' title='bbox 1031 2264 1364 2337; x_wconf 80' lang='grc' dir='ltr'><strong><em>εὐδοκίμους</em></strong></span> <span class='ocrx_word' id='word_1_210' title='bbox 1391 2272 1511 2321; x_wconf 76' lang='grc' dir='ltr'><strong><em>τῶν</em></strong></span> <span class='ocrx_word' id='word_1_211' title='bbox 1539 2269 1771 2335; x_wconf 77' lang='grc' dir='ltr'><strong><em>ιἀτρῶν,</em></strong></span> 
     </span>
     <span class='ocr_line' id='line_1_27' title="bbox 69 2343 1772 2423; baseline 0.002 -23"><span class='ocrx_word' id='word_1_212' title='bbox 69 2343 144 2410; x_wconf 73' lang='grc' dir='ltr'><strong><em>ὥς</em></strong></span> <span class='ocrx_word' id='word_1_213' title='bbox 169 2345 343 2411; x_wconf 83' lang='grc' dir='ltr'><strong><em>αὐτὸς</em></strong></span> <span class='ocrx_word' id='word_1_214' title='bbox 366 2345 606 2415; x_wconf 83' lang='grc' dir='ltr'><strong><em>ὑπέθου,</em></strong></span> <span class='ocrx_word' id='word_1_215' title='bbox 634 2351 1030 2418; x_wconf 89' lang='grc' dir='ltr'><strong><em>παρακαλέσας</em></strong></span> <span class='ocrx_word' id='word_1_216' title='bbox 1053 2345 1197 2422; x_wconf 78' lang='grc' dir='ltr'><strong><em>ἦγον</em></strong></span> <span class='ocrx_word' id='word_1_217' title='bbox 1225 2353 1302 2415; x_wconf 85' lang='grc' dir='ltr'><strong><em>εἰς</em></strong></span> <span class='ocrx_word' id='word_1_218' title='bbox 1322 2354 1427 2423; x_wconf 84' lang='grc' dir='ltr'><strong><em>τὴν</em></strong></span> <span class='ocrx_word' id='word_1_219' title='bbox 1453 2353 1772 2419; x_wconf 83' lang='grc' dir='ltr'><strong><em>ἐπίσκεψιν,</em></strong></span> 
     </span>
     <span class='ocr_line' id='line_1_28' title="bbox 69 2429 1774 2507; baseline 0.004 -8"><span class='ocrx_word' id='word_1_220' title='bbox 69 2429 308 2502; x_wconf 69' lang='grc' dir='ltr'><strong><em>ἀμοιβὴν</em></strong></span> <span class='ocrx_word' id='word_1_221' title='bbox 344 2432 449 2502; x_wconf 64' lang='grc' dir='ltr'><strong><em>τήν</em></strong></span> <span class='ocrx_word' id='word_1_222' title='bbox 485 2429 1087 2506; x_wconf 19' lang='grc' dir='ltr'><strong><em>προσοῦσα-τζερρἰίανῖ</em></strong></span> <span class='ocrx_word' id='word_1_223' title='bbox 1099 2435 1582 2507; x_wconf 73' lang='grc' dir='ltr'><strong><em>ὑπισχνούμενος,</em></strong></span> <span class='ocrx_word' id='word_1_224' title='bbox 1632 2440 1687 2488; x_wconf 67' lang='grc' dir='ltr'><strong><em>εἴ</em></strong></span> <span class='ocrx_word' id='word_1_225' title='bbox 1722 2454 1774 2487; x_wconf 67' lang='grc' dir='ltr'><strong><em>τι</em></strong></span> 
     </span>
     <span class='ocr_line' id='line_1_29' title="bbox 70 2516 1773 2591; baseline 0.003 -23"><span class='ocrx_word' id='word_1_226' title='bbox 70 2516 340 2570; x_wconf 82' lang='grc' dir='ltr'><strong><em>δύναιντο</em></strong></span> <span class='ocrx_word' id='word_1_227' title='bbox 370 2517 710 2587; x_wconf 81' lang='grc' dir='ltr'><strong><em>ἐπικουρεῖν.</em></strong></span> <span class='ocrx_word' id='word_1_228' title='bbox 776 2522 835 2572; x_wconf 78' lang='grc' dir='ltr'><strong><em>οἳ</em></strong></span> <span class='ocrx_word' id='word_1_229' title='bbox 855 2520 916 2573; x_wconf 82' lang='grc' dir='ltr'><strong><em>δὲ</em></strong></span> <span class='ocrx_word' id='word_1_230' title='bbox 944 2518 1019 2583; x_wconf 76' lang='grc' dir='ltr'><strong><em>ὥς</em></strong></span> <span class='ocrx_word' id='word_1_231' title='bbox 1043 2522 1272 2589; x_wconf 88' lang='grc' dir='ltr'><strong><em>τάχιστα</em></strong></span> <span class='ocrx_word' id='word_1_232' title='bbox 1301 2524 1591 2591; x_wconf 82' lang='grc' dir='ltr'><strong><em>εἰσῆλθον,</em></strong></span> <span class='ocrx_word' id='word_1_233' title='bbox 1619 2519 1773 2589; x_wconf 76' lang='grc' dir='ltr'><strong><em>ἥρω’·</em></strong></span> 
     </span>
     <span class='ocr_line' id='line_1_30' title="bbox 69 2598 1770 2675; baseline 0.001 -21"><span class='ocrx_word' id='word_1_234' title='bbox 69 2620 183 2654; x_wconf 89' lang='grc' dir='ltr'><strong><em>των</em></strong></span> <span class='ocrx_word' id='word_1_235' title='bbox 210 2598 240 2652; x_wconf 79' lang='grc' dir='ltr'>ὅ</span> <span class='ocrx_word' id='word_1_236' title='bbox 264 2621 316 2654; x_wconf 91' lang='grc' dir='ltr'><strong><em>τι</em></strong></span> <span class='ocrx_word' id='word_1_237' title='bbox 342 2602 560 2670; x_wconf 91' lang='grc' dir='ltr'><strong><em>πάσχοι.</em></strong></span> <span class='ocrx_word' id='word_1_238' title='bbox 621 2607 720 2671; x_wconf 82' lang='grc' dir='ltr'><strong><em>τῆς</em></strong></span> <span class='ocrx_word' id='word_1_239' title='bbox 745 2604 806 2656; x_wconf 83' lang='grc' dir='ltr'><strong><em>δὲ</em></strong></span> <span class='ocrx_word' id='word_1_240' title='bbox 834 2602 1349 2675; x_wconf 87' lang='grc' dir='ltr'><strong><em>ἀποστρεφομένης,</em></strong></span> <span class='ocrx_word' id='word_1_241' title='bbox 1378 2604 1472 2659; x_wconf 84' lang='grc' dir='ltr'><strong><em>καὶ</em></strong></span> <span class='ocrx_word' id='word_1_242' title='bbox 1500 2602 1641 2674; x_wconf 82' lang='grc' dir='ltr'><strong><em>πρὸς</em></strong></span> <span class='ocrx_word' id='word_1_243' title='bbox 1665 2604 1770 2673; x_wconf 74' lang='grc' dir='ltr'><strong><em>μὲν</em></strong></span> 
     </span>
    </p>

    <p class='ocr_par' dir='ltr' id='par_1_6' title="bbox 0 2682 1772 2931">
     <span class='ocr_line' id='line_1_31' title="bbox 0 2682 1772 2759; baseline 0.001 -22"><span class='ocrx_word' id='word_1_244' title='bbox 0 2700 40 2737; x_wconf 72' lang='lat'><strong><em>³0</em></strong></span> <span class='ocrx_word' id='word_1_245' title='bbox 73 2682 328 2759; x_wconf 82' lang='grc' dir='ltr'><strong><em>ἐκείνους</em></strong></span> <span class='ocrx_word' id='word_1_246' title='bbox 364 2684 488 2738; x_wconf 81' lang='grc' dir='ltr'><strong><em>οὐδ’</em></strong></span> <span class='ocrx_word' id='word_1_247' title='bbox 519 2685 712 2741; x_wconf 85' lang='grc' dir='ltr'><strong><em>ὁτιοῦν</em></strong></span> <span class='ocrx_word' id='word_1_248' title='bbox 737 2686 1199 2758; x_wconf 69' lang='grc' dir='ltr'><strong><em>ἀποκρινομένης,</em></strong></span> <span class='ocrx_word' id='word_1_249' title='bbox 1230 2693 1362 2753; x_wconf 87' lang='grc' dir='ltr'><strong><em>ἔπος</em></strong></span> <span class='ocrx_word' id='word_1_250' title='bbox 1389 2690 1450 2744; x_wconf 80' lang='grc' dir='ltr'><strong><em>δὲ</em></strong></span> <span class='ocrx_word' id='word_1_251' title='bbox 1471 2687 1772 2758; x_wconf 88' lang='grc' dir='ltr'><strong><em>Ὁμηρικὸν</em></strong></span> 
     </span>
     <span class='ocr_line' id='line_1_32' title="bbox 70 2763 1766 2842; baseline 0.001 -21"><span class='ocrx_word' id='word_1_252' title='bbox 70 2771 319 2837; x_wconf 76' lang='grc' dir='ltr'><strong><em>συνεχῶς</em></strong></span> <span class='ocrx_word' id='word_1_253' title='bbox 354 2769 684 2842; x_wconf 76' lang='grc' dir='ltr'><strong><em>ἀναβοωσης</em></strong></span> <span class='ocrx_word' id='word_1_254' title='bbox 723 2763 807 2826; x_wconf 71' lang='lat'><strong><em>“03</em></strong></span> <span class='ocrx_word' id='word_1_255' title='bbox 840 2771 1053 2841; x_wconf 86' lang='grc' dir='ltr'><strong><em>Ἀχιλεῦ</em></strong></span> <span class='ocrx_word' id='word_1_256' title='bbox 1080 2775 1298 2842; x_wconf 88' lang='grc' dir='ltr'><strong><em>Πηλέος</em></strong></span> <span class='ocrx_word' id='word_1_257' title='bbox 1323 2774 1429 2842; x_wconf 79' lang='grc' dir='ltr'><strong><em>υἱέ,</em></strong></span> <span class='ocrx_word' id='word_1_258' title='bbox 1466 2774 1607 2841; x_wconf 88' lang='grc' dir='ltr'><strong><em>μέγα</em></strong></span> <span class='ocrx_word' id='word_1_259' title='bbox 1634 2773 1766 2839; x_wconf 90' lang='grc' dir='ltr'><strong><em>φέρ-</em></strong></span> 
     </span>
     <span class='ocr_line' id='line_1_33' title="bbox 68 2849 1772 2931; baseline 0.002 -26"><span class='ocrx_word' id='word_1_260' title='bbox 68 2849 190 2906; x_wconf 87' lang='grc' dir='ltr'><strong><em>τατ’</em></strong></span> <span class='ocrx_word' id='word_1_261' title='bbox 218 2852 512 2923; x_wconf 82' lang='grc' dir='ltr'><strong><em>Ἀχαιῶν,”</em></strong></span> <span class='ocrx_word' id='word_1_262' title='bbox 540 2854 569 2909; x_wconf 87' lang='grc' dir='ltr'>ὁ</span> <span class='ocrx_word' id='word_1_263' title='bbox 603 2859 792 2925; x_wconf 90' lang='grc' dir='ltr'><strong><em>λόγιος</em></strong></span> <span class='ocrx_word' id='word_1_264' title='bbox 818 2855 1132 2931; x_wconf 71' lang='grc' dir='ltr'><strong><em>Ἀκεστῖνος</em></strong></span> <span class='ocrx_word' id='word_1_265' title='bbox 1153 2854 1347 2925; x_wconf 81' lang='grc' dir='ltr'><strong><em>(οἶσθα</em></strong></span> <span class='ocrx_word' id='word_1_266' title='bbox 1364 2858 1427 2910; x_wconf 80' lang='grc' dir='ltr'><strong><em>δὲ</em></strong></span> <span class='ocrx_word' id='word_1_267' title='bbox 1448 2857 1518 2925; x_wconf 86' lang='grc' dir='ltr'><strong><em>δή</em></strong></span> <span class='ocrx_word' id='word_1_268' title='bbox 1538 2875 1650 2909; x_wconf 90' lang='grc' dir='ltr'><strong><em>που</em></strong></span> <span class='ocrx_word' id='word_1_269' title='bbox 1671 2855 1772 2909; x_wconf 89' lang='grc' dir='ltr'><strong><em>τὸν</em></strong></span> 
     </span>
    </p>
   </div>
  </div>
 </body>
</html>
