1916 3132
44 0 268 30 ..w-,d—-e
436 0 443 4 ’
848 0 865 17 o
1013 0 1029 26 ι,

118 610 184 662 15

129 1956 192 2008 16

199 131 303 184 288
868 133 1063 180 ΔΕΚΑ
1073 133 1212 180 ΤΟΝ

200 270 263 323 σὲ
290 268 507 340 ὁμιλίας
533 267 862 371 ἐρωμένης.
888 269 939 321 εί
962 266 1014 320 δ’
1044 258 1150 321 οὖν
1176 265 1268 321 καὶ
1295 265 1475 330 ἄλλως
1500 265 1891 322 πιστώσασθαι

199 355 420 423 βούλει,
471 372 759 423 προκειται
809 350 870 406 τὸ
908 351 1245 420 ἀρχέτυπον·
1299 351 1595 405 ἐπισκόπει
1630 349 1735 420 τὴν
1767 349 1892 406 Ἀν-

201 439 502 508 δρομέδαν,
544 437 978 506 ἀπαράλλακτον
1018 435 1081 488 ἐν
1117 436 1184 505 τῇ
1209 438 1401 539 γ9αφῆ
1430 436 1522 488 καὶ
1561 434 1624 489 ἐν
1659 437 1728 505 τῇ
1752 434 1892 504 κόρῃ

202 524 591 592 δεικνυμένην.

311 607 566 676 ἐκόμιζον
604 604 875 675 ἀράμενοι
912 604 1014 675 τὴν
1054 606 1244 658 εἰκόνα
1281 603 1420 673 πρὸς
1452 624 1518 656 τα
1546 603 1817 672 λεχθέντα
1842 604 1902 656 οἱ

200 690 498 761 ὑπηρέται,
547 690 918 763 καὶζπλησίον
967 699 1064 759 τῆς
1103 691 1439 758 Χαρικλείας
1477 683 1916 761 ἀντεγείραντες)

200 779 474 829 τοσοῦτον
514 776 785 843 ἐκίνησαν
823 772 972 842 παρὰ
1009 774 1241 826 πάντων
1269 773 1475 842 κρότον
1502 774 1592 825 καὶ
1619 771 1894 842 θόρυβον,

203 858 395 940 ἄλλων
420 860 562 927 πρὸς
588 858 813 925 ἄλλους,
855 856 978 911 ὅσοι
1019 858 1111 909 καὶ
1137 855 1278 910 κατὰ
1302 854 1506 925 μικρὸν
1533 858 1804 909 συνίεσαν
1829 855 1897 909 τοὶ

207 940 483 1012 λεγόμενα
521 942 614 995 καὶ
642 941 1013 1011 πραττόμενα,
1055 940 1497 1009 διαδηλρύντων,
1539 939 1632 992 καὶ
1671 937 1811 1009 πρὸς
1834 930 1895 993 τὰ

202 1026 670 1096 ἀπηκριβωμένον
705 1029 800 1094 τῆς
835 1025 1157 1094 ὁμοιότητος
1194 1022 1304 1076 σὺν
1330 1026 1655 1094 περιχαρείᾳ
1678 1025 1916 1087 {anza-1

202 1112 446 1185 γέντων,
495 1109 636 1164 ὥστε
684 1110 776 1162 καὶ
823 1107 923 1162 τὸν
953 1106 1232 1177 Ὑδάσπην
1279 1105 1465 1161 οὐκέτι
1501 1108 1606 1176 μὲν
1635 1102 1899 1161 ’ἀπιστεῖν

204 1197 369 1263 ἔχειν,
412 1194 716 1263 ἐφεστάναι
755 1194 816 1245 δε
853 1191 1035 1245 πολὺν
1060 1192 1267 1261 χρόνον
1301 1188 1396 1269 ὑφ’
1429 1189 1690 1260 ἡδονῆς
1663 1191 1778 1260 άμα
1803 1193 1897 1245 καὶ

202 1278 506 1382 θαύματος
524 1266 890 1413 §x6uevovl‘
866 1297 894 1329 ο
922 1277 983 1329 δὲ
1013 1270 1388 1346 Σισιμίθρης,
1412 1276 1472 1328 ἓν
1514 1277 1594 1329 ε”τι
1633 1276 1897 1344 λείπεται,

205 1366 340 1433 ἔφη·
373 1363 510 1431 περὶ
547 1363 774 1431 βασιλεί
809 1381 835 1423 ς
871 1381 981 1430 γαρ
1020 1360 1114 1413 καὶ
1149 1364 1245 1429 τῆς
1284 1359 1407 1413 κατ’
1448 1357 1627 1428 αὐτὴν
1664 1362 1899 1429 γνησίας

206 1449 469 1517 διαδοχῆς
506 1443 535 1499 6
571 1446 751 1514 λόγος,
789 1444 881 1497 καὶ
916 1445 1026 1514 πρό
1061 1464 1124 1512 γε
1161 1445 1390 1498 πάντων
1415 1442 1681 1514 ἀληθείας
1707 1441 1893 1545 αὐτῆς.

205 1532 510 1601 γύμνωσον
547 1529 653 1600 τὴν
692 1527 907 1598 ωλένην
934 1529 976 1581 ὠ
1005 1528 1163 1599 κόρη.
1240 1529 1437 1598 μέλανι
1475 1517 1811 1597 συνθήματι
1830 1527 1894 1580 τὸ

205 1613 346 1682 ὑπερ
374 1618 560 1683 πῆχυν
589 1608 890 1668 ἐσπίλωτο]
943 1612 1113 1667 οὐδεν
1139 1610 1383 1683 ἀπρεπὲς
1407 1611 1805 1681 γυμνούμενον
1829 1630 1916 1713 E?

209 1701 444 1768 φύντων
482 1698 575 1751 καὶ
611 1696 811 1765 γένους
848 1696 1241 1843 μκαρτύριονῑβς
1250 1695 1578 1765 ἐγύμνωσεν
1625 1695 1827 1749 αὐτίκα
1863 1716 1897 1764 η

208 1785 512 1859 ζαρίκλεια
550 1801 655 1850 την
693 1781 878 1846 λαιάν,
920 1782 1012 1833 καὶ
1051 1781 1122 1850 ἠν
1273 1779 1463 1850 ω’σπερ
1501 1783 1707 1864 ἔβενος
1733 1782 1894 1849 περί-

210 1869 416 1936 δρομος
445 1868 732 1968 Ξέλέφαντα
770 1865 871 1917 τὸν
908 1867 1182 1932 βραχίονα
1218 1867 1476 1931 μιαίνων.

319 1948 506 2003 οὐκέτι
533 1959 785 2018 κατειχεν
809 1946 840 2016 ἡ
869 1954 1140 2027 Περσῖνα,
1178 1941 1299 2000 ἀλλ’
1331 1945 1548 2015 ἀθρόον
1571 1965 1631 1999 τε
1656 1946 1901 2014 ἀνήλατο

210 2039 312 2088 τοῦ
337 2034 575 2103 θρόνου,
613 2034 705 2086 καὶ
732 2024 1171 2102 προσδραμοῦσα
1198 2031 1529 2099 περιέβαλλέ
1559 2050 1635 2098 τε,
1682 2029 1775 2083 καὶ
1801 2047 1894 2083 πε-

213 2123 427 2189 ριφῦσα
456 2119 701 2187 ἐδάκρυέ
734 2136 792 2170 τε
831 2116 925 2169 καὶ
951 2115 1089 2186 πρὸς
1114 2115 1177 2169 τὸ
1203 2113 1581 2183 ἀκατάσχετον
1606 2117 1702 2182 τῆς
1726 2117 1902 2184 χαρᾶς

212 2205 492 2273 μυκηθμῷ
540 2201 648 2254 τινὶ
706 2197 1034 2270 προσεοικὸς
1095 2198 1378 2269 ἀνωρύετο
1427 2196 1733 2268 (ὑπερβολὴ
1791 2196 1900 2268 γὰρ

210 2286 420 2355 ἡδονῆς
455 2284 546 2338 καὶ
580 2284 800 2354 θρῆνόν
838 2303 972 2336 ποτε
1008 2282 1329 2337 ἀποτίκτειν
1366 2286 1561 2352 φιλεῖ),
1600 2282 1803 2352 μικρόν
1838 2301 1916 2336 τε

212 2372 364 2438 ἔφθη
411 2356 958 2445 συγκατενεχθῆναιὶ
977 2372 1043 2447 τῇ
1083 2370 1393 2437 Χαρικλεία.
1466 2364 1492 2419 6
1542 2367 1603 2418 δὲ
1629 2363 1903 2439 Ὑδάσπης

211 2452 358 2522 ἠλέει
387 2473 491 2521 μεν
516 2452 620 2521 τὴν
656 2462 896 2520 γυναῖκα
932 2440 1337 2522 ὀδυρομένην“
1313 2470 1479 2518 ορων,
1519 2450 1612 2502 καὶ
1651 2452 1728 2513 είς
1753 2464 1902 2520 συμ-

213 2539 462 2590 πάθειαν
489 2535 796 2605 ἐκάμπτετο
817 2556 926 2636 την
953 2538 1226 2604 διάνοιαν,
1254 2535 1316 2586 τὸ
1345 2532 1492 2602 ὄμμα
1519 2535 1580 2586 δὲ
1609 2531 1778 2587 οἱονεὶ
1803 2533 1901 2587 κέ-

217 2641 317 2690 ρας
340 2641 373 2688 η
403 2621 638 2689 σίδηρον
666 2621 743 2681 εἰς
768 2617 834 2672 τα
861 2616 1115 2689 ὁρώμενα
1149 2621 1333 2680 τείνας
1377 2617 1617 2686 ειστήκει
1643 2616 1780 2686 πρὸς
1803 2615 1902 2680 τάς

214 2700 423 2766 ωδῖνας
441 2724 555 2757 των
576 2705 842 2771 δακρύων
863 2703 1303 2774 ἀπομαχόμενος·
1346 2701 1439 2755 καὶ
1467 2709 1565 2772 τῆς
1591 2703 1771 2790 ψυχῆς
1794 2697 1916 2753 αὐ-ὲ

214 2791 305 2844 τῶ
300 2806 567 2858 πατρικω
605 2809 662 2841 τε
698 2789 868 2843 πάθει
905 2789 997 2840 καὶ
1023 2786 1262 2857 ἀνδρείω
1289 2791 1365 2857 τῷ
1391 2786 1590 2855 λήματι
1616 2805 1649 2838 κ
1609 2803 1916 2862 damu-3

214 2872 401 2948 μένης,
450 2869 542 2924 καὶ
579 2877 675 2942 τῆς
711 2871 934 2966 γνώμης
971 2869 1071 2924 ὑπ’
1100 2869 1432 2940 ἀμφοτέρων
1468 2863 1916 2938 στασιαζομένηςῖι
