1916 3132
139 101 208 153 64
796 104 1179 152 AEYTEPON

62 255 71 259 ·
139 239 202 294 τὸ
239 241 344 309 μὲν
381 240 487 310 γὰρ
526 240 559 311 ἡ
599 242 820 295 διάνοια
870 242 1031 312 φόβῳ
1079 245 1477 311 προληφθεῖσα
1514 243 1834 313 κατέπτηξε,

140 324 203 378 τὸ
237 326 299 378 δὲ
334 323 366 395 ἡ
405 328 683 395 συνήθεια
717 331 792 398 τῷ
834 328 1083 397 λογισμῷ
1120 326 1367 396 διῄτησε.

56 414 127 467 25
245 413 460 478 γίνεται
487 411 548 463 δὲ
575 410 703 479 περὶ
731 411 826 478 ἐμὲ
862 410 1100 463 τοιόνδε.
1158 410 1396 478 γύναιον
1424 404 1836 484 Θρακικὸνβτὴν

139 493 297 563 ῶραν
323 491 563 564 ἀκμαῖον
588 495 680 548 καὶ
716 493 777 548 τὸ
805 495 1010 557 κάλλος
1036 494 1304 562 δεύτερον
1330 494 1467 564 μετὰ
1494 501 1836 566 Χαρίκλειαν

140 578 391 648 ἔχουσα,-
411 578 588 648 ὅνομα
606 577 899 651 ’ξοδῶπις,
941 577 1046 631 οὐκ
1074 575 1162 631 οἶδ
1171 577 1183 597 ’
1212 576 1426 633 ὁπόθεν
1450 576 1486 651 ἦ
1513 580 1661 646 ὅπως
1687 588 1834 654 κακῇ
1863 600 1883 632 5

138 667 309 734 μοίρᾳ
343 667 456 717 τῶν
498 664 830 732 ἐγνωκότων
868 661 1138 733 ὁρμηθέν,
1180 664 1479 730 ἐπεπόλαζε
1515 663 1619 735 τὴν
1654 672 1833 735 Αἴγυ-

139 766 300 816 πτον,
339 749 430 801 καὶ
460 747 565 818 ἤδη
594 749 686 802 καὶ
715 750 791 811 εἰς
817 749 921 818 τὴν
954 749 1184 817 Μέμφιν
1213 746 1483 817 ἐκώμαζε,
1522 754 1703 822 πολλῇ
1728 752 1833 820 μὲν

138 837 415 904 θεραπεία
450 836 642 903 πολλῷ
688 834 749 886 δὲ
796 834 1022 904 πλούτῳ
1058 834 1558 904 δορυφορουμένη,
1598 838 1735 888 πᾶσι
1775 834 1828 888 δ’

141 916 497 987 ἀφροδισίοις
534 911 840 987 θηράτροις
867 918 1227 987 ἐξησκημένη.
1305 917 1372 971 οὐ
1411 917 1517 987 γάρ
1556 912 1630 988 ἦν
1669 919 1835 972 ἐντυ-

139 1002 309 1071 χόντα
346 1001 419 1071 μὴ
459 1001 767 1072 ἡλωκέναι·
811 1001 988 1064 οὕτως
1026 1001 1285 1069 ἄφυκτόν
1323 1024 1449 1056 τινα
1488 1005 1581 1056 καὶ
1619 1002 1834 1074 ἀπρόσ-
1866 1023 1906 1056 10

139 1106 320 1156 μαχον
360 1086 605 1154 ἑταιρίας
644 1089 897 1156 σαγήνην
925 1087 984 1140 ἐκ
1023 1091 1138 1140 τῶν
1165 1085 1482 1155 ὀφθαλμῶν
1511 1088 1834 1158 ἐπεσύρετο.

139 1170 336 1239 ἐφοίτα
372 1171 439 1240 δὴ
479 1173 633 1241 θαμά
672 1173 765 1225 καὶ
802 1174 879 1233 είς
904 1171 1007 1225 τὸν
1034 1170 1180 1224 νεῶν
1218 1175 1313 1241 τῆς
1331 1170 1566 1242 Ἴσιδος,
1600 1164 1666 1242 ἧς
1691 1193 1835 1243 προ-

139 1255 438 1324 εφήτενον,
477 1257 570 1309 καὶ
597 1254 700 1324 τὴν
737 1255 876 1310 θεὸν
905 1260 1154 1324 συνεχῶς
1181 1255 1493 1324 ἐθεράπευε
1518 1261 1750 1320 θυσίαις
1775 1277 1835 1311 τε

137 1341 231 1392 καὶ
251 1338 582 1409 ἀναθήμασι
609 1342 1069 1403 πολυταλάντοις.
1112 1342 1446 1409 αἰσχύνομαι
1467 1343 1669 1410 λέγειν,
1698 1340 1830 1395 ἀλλ’

139 1425 444 1494 εἰρήσεται·
486 1429 700 1493 γίνεται
737 1427 806 1495 δὴ
836 1424 1019 1495 κάμοῦ
1047 1428 1317 1493 κρείττων
1345 1423 1590 1495 ὀφθεῖσα
1615 1427 1830 1480 πολλά-
1863 1444 1902 1477 15

138 1530 239 1573 κις.
298 1511 459 1563 ἐνίκα
495 1508 598 1580 τὴν
635 1509 727 1564 διὰ
752 1514 883 1579 βίου
922 1530 1015 1578 μοι
1041 1515 1449 1579 μελετηθεῖσαν
1478 1509 1828 1580 ἐγκράτειαν,

138 1593 228 1647 ἐπὶ
267 1595 416 1647 πολύ
453 1615 510 1648 τε
550 1605 664 1658 τοῖς
703 1594 957 1662 σῶματος
996 1593 1314 1663 ὀφθαλμοῖς
1351 1595 1481 1658 τούς
1519 1595 1614 1665 τῆς
1652 1599 1832 1664 ψυχῆς

136 1678 489 1748 ἀντιστήσας,
519 1678 781 1749 ἀπῆλθον
807 1677 868 1732 τὸ
895 1682 1219 1732 τελευταῖον
1245 1677 1506 1749 ἡττηθεὶς
1532 1681 1624 1733 καὶ
1647 1681 1832 1743 πάθος

139 1764 410 1832 ἐρωτικὸν
451 1763 968 1833 ἐπιφορτισάμενος.
1045 1762 1224 1832 ἀρχὴν
1275 1763 1343 1832 δὴ
1384 1767 1497 1816 τῶν
1548 1766 1831 1834 ἐσομένων

135 1848 227 1901 καὶ
279 1848 823 1918 προαγορευθέντων
871 1868 966 1915 μοι
1012 1847 1154 1914 πρὸς
1191 1851 1495 1901 τοῦθείου
1533 1849 1828 1916 δυσχερῶν
1856 1866 1897 1900 20

136 1931 240 2001 τὴν
265 1942 510 2000 γυναῖκα
536 1933 821 2002 φωράσας,
862 1933 954 1985 καὶ
982 1931 1171 1994 συνεὶς
1197 1930 1270 1994 ῶς
1294 1937 1409 1985 τῶν
1441 1934 1826 2001 πεπρωμένων

138 2017 291 2070 ἐστὶν
328 2015 624 2087 ὑπόκρισις
659 2020 752 2070 καὶ
793 2014 866 2079 ῶς
901 2015 929 2070 ὁ
965 2017 1089 2070 τότε
1128 2016 1359 2086 είληχῶς
1399 2018 1615 2085 δαίμων
1653 2016 1828 2070 οἱονεὶ

135 2113 494 2168 προσωπεῖον
542 2099 722 2171 αὐτὴν
769 2099 1022 2171 ὑπῆλθε,
1070 2101 1172 2171 Q!
1219 2102 1323 2169 μὲν
1364 2102 1426 2155 ἐκ
1476 2102 1695 2154 παίδων
1733 2121 1828 2170 μοι

134 2186 460 2254 σύντροφον
483 2186 799 2257 ιζερθωσύνην
819 2189 1002 2254 ἔγνων
1021 2185 1094 2255 μὴ
1125 2173 1507 2253 καταισχῦναι,
1531 2186 1650 2254 [καὶ
1667 2184 1823 2238 ἀντέ-

134 2273 293 2340 σχον]
334 2269 493 2338 μηδῖ
514 2268 633 2337 ίερά
672 2270 764 2322 καὶ
802 2272 998 2340 τεμένη
1036 2274 1192 2323 θεῶν
1228 2273 1568 2339 βεβηλῶσαι·
1609 2273 1722 2323 τῶν
1756 2269 1818 2322 δὲ
1848 2287 1891 2319 25

129 2352 537 2425 ἡμαρτημένων
575 2352 677 2407 οὐκ
718 2357 861 2426 ἔργῳ
901 2353 996 2424 (μὴ
1028 2357 1267 2424 γένοιτο)
1305 2352 1429 2407 ἀλλ’
1462 2355 1651 2422 ἐφέσει
1674 2355 1822 2424 μόνῃ

134 2441 236 2509 τὴν
273 2438 625 2508 ἁρμόζουσαν
673 2438 957 2507 ἐπιβαλών
1004 2443 1226 2508 ζημίαν,
1277 2435 1548 2507 δικαστὴν
1601 2439 1823 2508 ἐμαυτῷ

133 2522 230 2577 τὸν
256 2522 526 2592 λογισμὸν
552 2521 871 2591 ἀναδείξας,
912 2527 1068 2592 φυγῇ
1102 2525 1313 2587 κολάζω
1350 2519 1453 2590 τήν
1482 2522 1820 2591 ἐπιθυμίαν,

133 2607 226 2661 καὶ
254 2612 350 2677 τῆς
377 2607 717 2677 ἐνεγκούσης
743 2606 771 2660 ὁ
797 2609 1166 2675 βαρυδαίμων
1194 2607 1398 2676 ἐξῄειν,
1445 2604 1588 2672 ὁμοῦ
1612 2606 1716 2673 μὲν
1743 2610 1824 2658 εῖ-

138 2713 256 2746 κων
291 2701 411 2754 ταῖς
446 2695 661 2761 μοιρῶν
694 2687 962 2759 ἀνάγκαις
999 2694 1091 2745 καὶ
1117 2692 1382 2760 πράττειν
1410 2687 1439 2741 ὄ
1477 2709 1528 2741 τι
1568 2690 1661 2742 καὶ
1684 2687 1821 2758 βού-
1853 2703 1896 2736 30

139 2781 330 2829 λοιντο
368 2775 434 2829 τά
473 2774 606 2828 καθ’
635 2773 780 2845 ἡμᾶς
808 2777 1139 2844 ἐπιτρέπων,
1180 2772 1320 2842 ὁμοῦ
1356 2774 1417 2827 δὲ
1453 2771 1558 2841 τήν
1584 2771 1827 2842 ἀποτρό-

136 2878 308 2914 παιον
339 2859 604 2914 Ῥοδῶπιν
641 2858 1004 2934 ἀποφεύγων·
1047 2860 1286 2912 ἐδεδίειν
1320 2856 1446 2926 γάρ,
1485 2849 1527 2910 ῶ
1565 2856 1714 2926 ξένε,
1749 2855 1823 2926 μὴ
