1916 3132
35 1042 75 1076 10

35 1464 78 1500 15

37 1887 81 1920 20

42 2307 86 2342 25

798 116 1103 166 ENATON
1692 112 1797 165 261

101 260 321 321 σταλεῑς
357 276 415 311 τε
452 254 557 327 τὴν
595 253 823 309 ὅπλισιν
849 255 941 308 καὶ
980 252 1256 316 ποδώκεις
1294 251 1386 305 καὶ
1425 250 1646 315 τοξείαν
1672 252 1801 320 ἀρί-

101 359 286 410 στους,
325 350 439 405 τοῖς
476 338 615 394 κατὰ
651 337 714 392 τὸ
753 337 916 392 λαιὸν
943 341 1056 392 τῶν
1085 339 1362 392 ἐναντίων
1390 337 1802 406 σφενδονήταις

98 446 159 481 τε
197 426 290 479 καὶ
327 424 682 488 ἀκοντισταῖς
717 421 1245 494 παρενοχλήσοντας
1283 420 1662 492 ἀπεκλήρωσε,
1737 420 1800 474 τὸ

102 513 163 566 δὲ
201 515 444 581 μεσεῦον
481 513 582 563 τοῦ
610 510 902 577 Περσικοῦ
938 516 1055 571 τοῖς
1075 506 1490 577 καταφράκτοις
1514 509 1802 576 μεγαλαυ-

101 599 380 666 χούμενον
416 592 780 664 καταμαθών,
821 591 1024 646 ἑαυτόν
1061 612 1120 645 τε
1159 591 1254 645 καὶ
1291 590 1423 655 τοὺς
1460 590 1590 661 περὶ
1626 587 1802 644 αὑτὸν

102 679 505 751 πυργοφόρους
553 680 864 753 ἐλέφαντας
911 675 1200 745 ἀντέταξε,
1248 674 1311 731 τὸ
1350 674 1669 745 Βλεμμύων
1708 678 1803 728 καὶ

103 768 312 837 Σηρῶν
346 760 638 818 ὁπλιτικὸν
665 761 962 831 προτάξας,
1002 761 1096 815 καὶ
1133 760 1171 814 ὁὶ
1207 760 1614 832 χρὴπράττειν
1651 758 1803 828 παρὰ

101 850 164 906 τὸ
202 855 371 922 ἔργον
411 851 744 911 ἐπιστείλας.

207 934 504 1006 ἀρθέντων
530 935 591 987 δὲ
632 933 984 1000 ἑκατέρωθεν
1008 937 1124 986 τῶν
1151 934 1415 1001 σημείων,
1452 930 1546 984 καὶ
1571 933 1675 984 τοῦ
1698 931 1804 999 μὲν
1826 930 1889 983 17

105 1024 396 1091 Περσικοῦ
435 1016 528 1073 διὰ
568 1022 923 1087 σαλπίγγων,
977 1010 1243 1087 ῥόμβοις]
1255 1017 1316 1070 δὲ
1356 1014 1447 1070 καὶ
1495 1015 1807 1118 τυμπάνοις

104 1109 219 1158 τῶν
247 1103 546 1158 Αἰθιόπων
572 1101 674 1173 τὴν
699 1104 885 1172 μάχην
913 1099 1420 1172 ἐπισημαινόντων,
1460 1098 1489 1153 6
1523 1101 1627 1169 μὲν
1650 1099 1806 1170 Ὀρο-

103 1191 344 1268 ονδάτης
382 1188 664 1288 ἐμβοήσας
702 1189 894 1259 δρόμῳ
931 1186 1028 1251 τὰς
1066 1184 1359 1256 φάλαγγας
1397 1186 1626 1255 ἐπῆγεν,
1677 1181 1706 1238 6
1744 1184 1807 1238 δὲ

96 1263 371 1342 Ὑδάσπης
406 1294 473 1326 τα
509 1274 613 1342 μὲν
647 1292 840 1342 πρωτα
867 1275 1230 1374 σχολαίτερον
1266 1269 1590 1324 άντεπιέναι
1627 1283 1810 1338 προσ-

106 1358 311 1427 έταττε,
350 1358 521 1428 βάσιν
561 1357 623 1411 ἐκ
649 1358 868 1426 βάσεως
891 1354 1077 1426 ησυχῇ
1104 1358 1573 1425 παραμείβοντας,
1611 1373 1724 1407 των
1748 1373 1810 1407 τε

109 1444 438 1515 ἐλεφάντων
464 1443 678 1511 ἕνεκεν,
721 1440 871 1505 ὅπως
898 1440 970 1494 ὄίν
995 1439 1069 1511 μὴ
1097 1439 1502 1509 άπολειφθεῑεν
1528 1442 1642 1492 τῶν
1667 1457 1807 1508 προ-

104 1529 331 1600 μάχων,
381 1526 474 1581 καὶ
523 1526 634 1597 ἅμα
681 1525 785 1595 τὴν
831 1525 1015 1595 ῥύμην
1052 1530 1167 1579 τῶν
1217 1526 1432 1579 ἱππέων
1478 1527 1554 1594 τῷ
1602 1522 1809 1592 μεταξὺ

106 1603 571 1684 προϋπεκλύων.ζ
588 1611 708 1665 ἐπεὶ
735 1612 795 1666 δὲ
823 1614 996 1680 βολῆς
1024 1608 1182 1672 ἐντὸς
1206 1610 1315 1679 ἤδη
1344 1612 1690 1663 καθίσταντο
1716 1608 1811 1661 καὶ

107 1696 238 1761 τούς
265 1696 696 1766 καταφράκτους
735 1697 1092 1767 ἐρεθίζοντας
1126 1693 1228 1764 τῆν
1253 1695 1428 1749 ἵππον
1457 1695 1535 1757 εἰς
1555 1692 1659 1762 τὴν
1685 1692 1811 1746 ἐπέ-

109 1787 275 1836 λασιν
301 1782 667 1852 οζρλέμμυες
692 1781 1034 1850 κατέμαθον,
1073 1779 1140 1833 τὰ
1178 1780 1636 1848 προστεταγμένα
1672 1775 1813 1847 πρὸς

111 1870 211 1920 τοῦ
232 1863 510 1920 Ὑδάσπου
536 1867 831 1935 ἔπραττον,
870 1865 964 1918 καὶ
989 1865 1121 1928 τοὺς
1147 1865 1341 1934 Σῆρας
1366 1862 1557 1932 ὥσπερ
1585 1862 1812 1931 προκώ-

110 1955 259 2021 λυμα
287 1948 431 2005 εἶναι
459 1950 552 2003 καὶ
578 1953 942 2017 προασπίζειν
968 1954 1083 2004 τῶν
1111 1951 1444 2019 ἐλεφάντων
1471 1946 1808 2001 καταλιπόν-

108 2056 216 2104 τες,
254 2035 411 2089 αὐτοὶ
441 2033 586 2088 πολὺ
613 2038 726 2088 τῶν
752 2036 965 2099 τάξεων
991 2026 1474 2105 πρόπηδήσαντες,
1511 2030 1587 2096 ὥς
1611 2031 1814 2101 τάχους

111 2116 282 2190 εἶχον,
325 2120 417 2174 ἐπὶ
455 2118 587 2184 τούς
613 2120 1045 2189 καταφράκτους
1075 2119 1362 2190 ὥρμησαν,
1402 2120 1606 2189 μανίας
1632 2119 1813 2186 ἔμφα-

111 2220 205 2259 σιν
221 2214 337 2267 τοῖς
357 2202 531 2273 ὁρῶσι
558 2207 949 2274 παριστάντες,
971 2203 1147 2268 οὕτως
1179 2204 1357 2273 ὀλίγοι
1383 2201 1523 2273 πρὸς
1548 2205 1814 2263 πλείονας

115 2288 210 2343 καὶ
258 2286 399 2357 πρὸς
445 2289 593 2343 οὕτω
641 2290 1075 2359 πεφραγμένους
1124 2287 1677 2359 προεφορμήσαντες.
1761 2285 1822 2338 oc

31 2443 32 2447 Ἰ
111 2373 329 2444 Πέρσαι
370 2375 430 2427 δὲ
469 2375 642 2428 πλέον
677 2373 716 2444 ἢ
754 2374 1033 2444 πρότερον
1061 2374 1290 2443 ἐφέντες
1315 2383 1429 2436 τοῖς
1453 2373 1647 2434 ἵπποις
1676 2371 1812 2438 ἐπῆ-

112 2462 355 2527 λαυνον,
411 2457 644 2528 ἕρμαιον
680 2457 743 2512 τὸ
783 2461 1019 2513 ἐκείνων
1055 2459 1274 2528 θράσος
1309 2460 1670 2525 ποιούμενοι,
1720 2455 1815 2507 καὶ

112 2540 189 2607 ὥς
226 2541 427 2597 αὐτίκα
476 2542 569 2596 καὶ
616 2541 768 2612 παρὰ
815 2541 920 2613 τὴν
959 2544 1189 2614 πρώτην
1227 2543 1522 2613 συμβολὴν
1561 2537 1816 2610 ἁρπασό-

113 2647 286 2698 μενοι.

219 2713 345 2766 τότε
370 2713 430 2766 οἰ
457 2713 748 2782 Βλέμμυες
786 2715 862 2775 εἰς
898 2722 1084 2782 χεῖρας
1115 2710 1221 2783 ἤδη
1251 2714 1681 2781 συμπίπτοντες,
1720 2708 1812 2760 καὶ
1835 2707 1901 2760 18

114 2800 294 2866 μόνον
321 2796 390 2851 ού
416 2807 536 2860 ταῖς
562 2799 783 2867 αἰχμαῖς
811 2798 1263 2867 ἐγχρίμπτοντες,
1303 2795 1522 2865 ἀθρόον
1549 2793 1642 2846 καὶ
1678 2789 1813 2844 καθ’

115 2881 176 2934 ἓν
202 2877 468 2951 σύνθημα
494 2879 839 2954 ὑπηεόκλασάν
876 2902 934 2935 τε
974 2883 1067 2934 καὶ
1106 2879 1423 2935 ὑπεδύοντο
1464 2887 1577 2940 τοῖς
1605 2876 1815 2943 ἵπποις,
