1916 3132
687 111 816 158 CAP.
846 112 1168 158 XIIII—XVII
1711 111 1779 165 13

88 253 280 306 genere
297 233 648 288 tumultuario
671 233 861 286 mortis
890 252 1098 287 mecum
1120 233 1495 287 deliberabam.
1544 233 1639 287 sed
1659 253 1778 287 cum

86 309 296 363 nullum
336 309 482 361 aliud
526 308 693 361 telum
733 308 1071 360 mortiferum
1110 308 1350 361 Fortuna
1397 326 1557 378 quam
1605 308 1779 361 solum

86 383 222 436 mihi
261 382 621 454 grabattulum
662 382 1112 436 sumministraret
1155 383 1280 435 ‘iam
1321 382 1428 435 iam
1459 382 1781 453 grabattule'

87 459 306 527 inquam
339 457 536 510 ‘animo
560 474 679 509 meo
705 457 992 525 carissime,
1026 457 1114 526 qui
1142 476 1353 510 mecum
1384 460 1469 510 tot
1501 476 1782 510 aerumnas

43 554 63 588 5
89 531 390 601 exanclasti,
430 531 674 584 conscius
715 534 768 583 et
815 531 1015 584 arbiter
1066 550 1200 600 quae
1254 534 1410 584 nocte
1451 535 1603 601 gesta
1642 535 1783 601 sunt,

89 625 248 676 quem
298 605 471 659 solum
522 606 578 657 in
628 624 746 658 meo
792 608 946 658 reatu
994 609 1186 658 testem
1234 606 1569 659 innocentiae
1619 607 1783 659 citare

87 699 323 750 possum,
354 683 414 733 tu
439 679 574 732 mihi
606 679 672 732 ad
696 679 895 732 inferos
918 679 1199 732 festinanti
1224 681 1592 733 sumministra
1615 680 1784 734 telum

20 800 21 803 ,
88 754 341 808 salutare'
393 757 446 807 et
486 772 607 807 cum
659 754 802 807 dicto
849 755 1058 823 restim,
1098 773 1204 823 qua
1251 758 1364 807 erat
1403 756 1657 824 intextUS,
1698 755 1783 808 ad-

89 829 303 900 gredior
349 812 620 898 expedire'
644 847 703 881 ac
750 828 951 898 tigillo,
1003 829 1147 898 quod
1192 828 1456 882 fenestrae
1508 830 1784 882 subditum

21 925 65 958 10
88 903 404 956 altrinsecus
435 903 789 972 prominebat,
828 903 1024 955 iniecta
1056 906 1215 972 atque
1249 903 1433 957 obdita
1464 907 1615 973 parte
1647 905 1784 956 funi·

88 978 196 1031 culi
235 981 288 1030 et
327 977 495 1031 altera
532 978 761 1030 firmiter
807 978 862 1030 in
901 977 1101 1030 nodum
1150 981 1354 1048 coacta,
1401 997 1621 1032 ascenso
1670 997 1783 1048 gra-

86 1051 292 1105 battulo
333 1052 399 1104 ad
437 1052 661 1105 exitium
694 1051 1014 1104 sublimatus
1054 1053 1295 1105 immisso
1328 1053 1501 1122 capite
1532 1053 1785 1122 laqueum

88 1127 266 1179 indu0.
330 1126 424 1179 sed
455 1126 582 1179 dum
621 1126 755 1195 pede
795 1126 962 1179 altero
1001 1126 1376 1180 fulcimentum
1417 1146 1522 1197 quo
1560 1128 1785 1180 sustine-

87 1201 185 1253 bar
223 1199 447 1270 repelle,
494 1204 556 1253 ut
605 1201 856 1270 ponderis
905 1201 1134 1254 deductu
1183 1202 1342 1254 restis
1382 1202 1449 1254 ad
1488 1202 1785 1272 ingluuiem

22 1295 64 1329 15
90 1275 347 1328 adstricta
369 1275 591 1344 spiritus
624 1275 802 1329 officia
834 1275 1170 1343 discluderet,
1201 1279 1420 1344 repente
1451 1276 1626 1345 putris
1660 1276 1786 1328 alio-

90 1349 222 1419 quin
269 1352 322 1402 et
359 1352 517 1402 uetus
562 1349 707 1402 funis
755 1350 1110 1418 dirrumpitur
1151 1350 1222 1419 [p.
1245 1351 1327 1402 11.
1354 1350 1442 1420 Ε.]
1485 1354 1645 1420 atque
1686 1368 1785 1421 ego

89 1423 153 1476 de
194 1423 302 1476 alto
341 1423 582 1476 recidens
624 1423 880 1476 Socraten
906 1455 974 1461 —
1001 1443 1125 1476 nam
1165 1425 1316 1476 iuxta
1354 1444 1439 1477 me
1480 1425 1687 1478 iacebat
1712 1457 1782 1463 —

89 1515 347 1566 superruo
380 1516 608 1566 cumque
641 1516 702 1550 eo
736 1498 790 1549 in
823 1501 1021 1550 terram
1054 1498 1325 1551 deuoluor.
1371 1498 1544 1551 XVII.
1579 1502 1632 1552 et
1663 1518 1784 1552 6666

90 1571 147 1624 in
186 1572 304 1640 ipso
343 1575 615 1624 momento
657 1572 853 1624 ianitor
892 1573 1241 1642 introrumpit
1280 1577 1459 1626 exerte
1500 1573 1782 1626 clamitans

22 1667 68 1699 20
91 1645 205 1698 ‘ubi
244 1664 299 1698 es
338 1648 398 1697 tu
438 1645 531 1714 qui
570 1645 679 1698 alta
717 1649 872 1699 nocte
912 1647 1194 1701 immodice
1232 1648 1525 1701 festinabas
1558 1651 1612 1701 et
1643 1667 1785 1701 nunc

91 1719 272 1772 stertis
304 1719 639 1772 inuolutus‘P’

202 1792 288 1846 Ad
322 1793 452 1846 haec
488 1795 666 1847 nescio
702 1812 769 1846 an
806 1813 931 1847 casu
964 1798 1148 1848 nostro
1182 1815 1250 1848 an
1285 1796 1431 1850 illius
1457 1797 1657 1850 absono
1684 1797 1784 1850 cla-

89 1885 236 1921 more
253 1871 591 1937 experrectus
611 1867 856 1922 Socrates
874 1871 1117 1940 exsurgit
1133 1871 1281 1939 prior
1298 1874 1351 1924 et
1368 1871 1474 1924 ene’
1492 1871 1670 1941 inquit
1688 1872 1783 1924 ‘in-

90 1942 282 1995 merito
315 1942 635 1995 stabularios
659 1943 758 1996 hos
785 1962 968 1997 omnes
991 1943 1233 2014 hospites
1259 1946 1607 1999 detestantur.
1660 1965 1785 1998 nam

25 2035 67 2070 25
91 2015 191 2068 iste
232 2017 473 2069 curiosus
514 2017 640 2070 dum
680 2018 965 2087 inportune
1005 2019 1258 2089 irrumpit
1298 2052 1367 2058 ——
1409 2020 1564 2073 credo
1605 2021 1784 2073 studio

90 2090 331 2159 rapiendi
378 2090 581 2160 aliquid
621 2124 690 2129 —-
732 2092 961 2146 clamore
1007 2097 1162 2147 uasto
1209 2095 1506 2148 marcidum
1547 2094 1786 2164 alioquin

91 2183 176 2217 me
216 2164 478 2218 altissimo
519 2184 706 2219 somno
747 2168 1017 2220 excussit.’

213 2358 236 2398 1
269 2368 452 2399 mecum
475 2355 557 2413 Εφ
590 2370 673 2400 om.
699 2357 751 2400 E.
783 2359 848 2402 sic
874 2362 942 2401 24.
965 2362 1018 2402 15
1044 2361 1258 2404 omissum
1281 2366 1345 2405 est
1375 2362 1534 2404 tecum
1621 2365 1646 2404 3
1680 2374 1785 2417 gra-

92 2412 332 2458 battulum
362 2414 755 2460 sumministraret
793 2419 957 2474 scripsi
997 2419 1054 2474 cf.
1091 2423 1158 2462 10.
1179 2424 1235 2463 22
1275 2425 1317 2464 et
1348 2420 1446 2466 Pet.
1473 2435 1522 2478 p.
1552 2424 1636 2463 163
1680 2433 1786 2476 gra-

92 2500 332 2546 battulum
362 2476 725 2549 'ubmnistraret
755 2504 790 2548 F
905 2510 931 2550 5
972 2506 1234 2551 exanclasti
1270 2510 1435 2566 scripsi
1466 2523 1551 2566 per
1582 2522 1605 2552 6
1645 2510 1717 2552 hic
1747 2513 1788 2553 et

96 2564 264 2627 1⁰⁰2⁶3
298 2565 396 2606 104.
416 2566 462 2618 73
496 2568 595 2608 121.
615 2569 639 2607 7
673 2570 724 2609 ut
753 2566 983 2622 scriptura
1006 2568 1162 2612 ceteris
1192 2568 1301 2612 locis
1331 2569 1601 2613 consentiret
1624 2568 1786 2611 exant-

93 2618 208 2664 lasti
239 2619 299 2662 F¹
329 2621 588 2666 exanclasti
621 2639 655 2679 φ
690 2625 783 2681 (sed
806 2638 830 2668 6
855 2626 907 2669 in
929 2627 1039 2682 ras.)
1134 2631 1185 2670 11
1220 2628 1268 2671 et
1291 2627 1327 2670 F
1360 2640 1417 2672 ex
1441 2627 1500 2683 φῑ
1592 2639 1786 2670 ascenso

93 2679 152 2733 cf.
180 2683 250 2745 28.
271 2683 325 2722 19
447 2686 501 2725 12
533 2681 742 2726 immisso
773 2686 939 2741 scripsi
978 2687 1025 2728 et
1056 2684 1265 2730 immisso
1302 2686 1416 2732 Oud.
1450 2689 1499 2731 et
1529 2685 1671 2729 misso
1704 2685 1785 2739 Fap

97 2737 298 2782 demisso
330 2738 381 2782 Ε.
430 2741 478 2784 et
501 2741 702 2786 demisso
738 2742 861 2788 Colu.
958 2748 1011 2788 15
1046 2743 1199 2789 officio
1231 2745 1312 2802 Fcp
1407 2750 1461 2789 17
1496 2745 1719 2788 Socraten
1751 2744 1786 2787 F

29 2852 32 2854 .
75 2796 337 2842 'Socratem
375 2814 410 2852 φ
532 2805 586 2844 23
627 2801 813 2858 exurgit
853 2802 913 2859 φ’
1043 2817 1102 2847 116
1134 2804 1216 2861 Εφ
1259 2819 1349 2849 nae
1381 2805 1431 2849 Ε.
1482 2802 1785 2847 ne—merito

95 2856 265 2924 ..Haupt
309 2869 394 2900 nec
440 2857 657 2904 inmerito
705 2860 942 2919 S(auppe);
997 2864 1170 2908 retinui
1217 2866 1491 2922 scripturam
1546 2863 1785 2919 librorum3

95 2917 266 2962 ironice
296 2917 414 2962 enim
446 2918 615 2964 dictum
646 2933 734 2966 esse
765 2922 952 2966 uidetur
982 2923 1039 2977 cf.
1077 2927 1144 2967 11.
1172 2927 1227 2968 28
