1916 3132
771 154 898 200 CAP.
931 152 1142 197 X—XIII
1695 151 1800 205 261

110 368 259 404 meae
298 350 522 404 ceruicis
562 350 752 404 striato
791 352 1000 401 tumore
1040 348 1300 402 sublimis

220 422 341 476 XII.
378 424 455 477 Et
486 443 604 478 ecce
634 423 1059 494 praesentissimi
1089 423 1324 476 numinis
1355 421 1621 491 promissa
1647 421 1804 475 nobis

112 498 371 551 accedunt
406 499 665 552 beneficia
703 501 757 551 et
794 497 906 550 fata
944 497 1276 566 salutemque
1308 497 1482 566 ipsam
1512 514 1686 549 meam
1717 513 1805 566 ge-

66 594 89 628 ⁶
110 591 234 626 rens
272 573 517 626 sacerdos
556 572 964 642 adpropinquat,
1003 572 1070 623 ad
1100 572 1278 641 ipsum
1308 571 1698 640 praescriptum
1729 571 1805 623 di-

111 646 268 699 uinae
305 646 678 715 promissionis
724 649 972 698 ornatum
1012 645 1230 698 dextera
1267 644 1542 714 proferens
1583 644 1804 697 sistrum

113 720 255 790 deae,
291 720 426 773 mihi
465 739 716 773 coronam
756 723 810 773 et
846 719 1090 772 hercules
1124 738 1374 772 coronam
1398 721 1806 789 consequenter,

109 794 256 864 quod
304 797 388 847 tot
437 813 496 847 ac
546 795 712 847 tantis
762 794 1066 847 exanclatis
1099 794 1397 862 laboribUS,
1447 796 1530 846 tot
1577 793 1806 847 emensis

110 867 364 953 periculis
405 868 533 922 deae
579 870 842 921 maximae
888 868 1227 938 prouidentia
1274 836 1807 939 adluctantemlmihi

37 965 91 999 αο
111 943 423 996 saeuissime
441 943 768 1028 ‘Eortunam
824 961 1142 1011 superarem.
1220 961 1316 994 nec
1377 946 1556 995 tamen
1586 941 1805 1011 gaudio

112 1017 373 1071 subitario
414 1021 713 1070 commotus
753 1016 1060 1070 inclementi
1098 1035 1183 1068 me
1223 1034 1381 1069 cursu
1419 1015 1678 1085 proripui,
1718 1034 1807 1068 ue-

111 1109 234 1144 rens
273 1091 479 1144 scilicet
509 1111 576 1144 ne
609 1092 886 1161 repentino
921 1091 1260 1160 quadripedis
1293 1091 1497 1159 impetu
1529 1089 1807 1160 religionis

113 1166 326 1235 quietus
376 1166 684 1219 turbaretur
734 1166 863 1220 ordo
872 1207 886 1235 ,
940 1165 1033 1218 sed
1082 1165 1290 1234 placido
1339 1183 1400 1217 ac
1444 1182 1664 1242 prorsus
1710 1164 1807 1216 hu·

112 1258 270 1292 mano
310 1240 479 1310 gradu
518 1236 939 1293 cunctabundus
962 1239 1221 1308 paulatim
1261 1238 1550 1307 obliquato
1571 1256 1808 1307 corpore,

44 1335 89 1370 15
113 1332 239 1368 sane
264 1314 525 1367 diuinitus
550 1315 833 1368 decedente
856 1314 1073 1383 popu10,
1098 1314 1296 1366 sensim
1321 1314 1521 1382 inrep0.
1577 1310 1725 1364 XIII.
1751 1315 1808 1364 at

111 1388 357 1442 sacerdos
397 1392 459 1441 ut
496 1408 681 1458 reapse
722 1406 1040 1458 cognoscere
1079 1388 1247 1456 potui,
1286 1387 1535 1439 nocturni
1575 1405 1807 1439 commo-

110 1462 353 1516 nefactus
393 1463 594 1516 oraculi
625 1463 957 1532 miratusque
990 1462 1394 1532 congruentiam
1425 1461 1663 1513 mandati
1694 1478 1807 1513 mu-

110 1537 254 1590 neris
305 1536 587 1590 confestim
640 1537 842 1590 restitit
891 1540 946 1589 et
992 1536 1135 1588 ultro
1182 1532 1428 1605 porrecta
1475 1524 1693 1588 dextera
1738 1535 1807 1588 ob

113 1630 173 1664 os
222 1611 400 1680 ipsum
450 1630 629 1664 meum
680 1630 930 1664 coronam
982 1610 1241 1663 exhibuit.
1318 1613 1447 1662 tunc
1498 1627 1596 1679 ego
1647 1609 1808 1678 trepi-

44 1707 91 1740 20
115 1685 262 1755 danS,
294 1685 516 1738 adsiduo
548 1685 708 1754 pulsu
740 1685 958 1738 micanti
993 1685 1164 1753 corde,
1205 1702 1471 1753 coronam,
1503 1701 1638 1752 quae
1661 1683 1808 1769 rosis

113 1760 351 1813 amoenis
392 1760 598 1812 intexta
635 1759 959 1829 fulgurabat,
998 1759 1154 1810 auido
1195 1776 1284 1811 ore
1324 1761 1626 1827 susceptam
1667 1747 1810 1826 cupi·
1807 1758 1831 1762 “

113 1833 323 1887 dissime
361 1833 630 1886 deuoraui.
707 1852 804 1886 nec
842 1852 927 1886 me
974 1832 1167 1885 fefellit
1206 1831 1430 1885 caeleste
1469 1832 1810 1900 promissum.

111 1908 358 1977 protinus
404 1907 540 1960 mihi
587 1907 854 1960 delabitur
900 1907 1154 1960 deformis
1194 1910 1247 1958 et
1285 1907 1456 1958 ferina
1494 1905 1670 1958 facies.
1748 1923 1808 1957 ac

110 1981 286 2051 primo
337 1981 551 2051 quidem
599 1981 848 2051 squalens
895 1981 1037 2050 pilus
1086 1981 1271 2033 defluit
1322 1998 1382 2032 ac
1430 1978 1622 2031 dehinc
1670 1979 1810 2031 cutis

45 2076 91 2111 25
114 2074 292 2109 crassa
332 2055 404 2125 [p.
431 2056 553 2108 213.
577 2055 665 2125 Ε.]
706 2059 980 2125 tenuatur,
1019 2057 1207 2107 uenter
1246 2054 1439 2106 obesus
1480 2052 1683 2122 residit,
1721 2070 1808 2121 pe—

114 2129 240 2183 dum
278 2129 492 2199 plantae
523 2149 619 2199 per
650 2130 879 2200 ungulas
911 2130 967 2181 in
1000 2129 1198 2198 digitos
1230 2131 1440 2196 exeunt,
1479 2145 1669 2179 manus
1699 2144 1810 2180 non

112 2202 219 2256 iam
256 2204 416 2273 pedes
457 2207 584 2257 sunt
630 2204 722 2257 sed
762 2204 816 2255 in
857 2206 1033 2256 erecta
1069 2202 1420 2271 porriguntur
1460 2201 1652 2270 officia,
1699 2219 1807 2254 cer-

112 2277 207 2330 uix
243 2279 463 2346 proc'era
501 2278 801 2346 cohibetur,
853 2296 911 2330 os
961 2280 1014 2328 et
1053 2279 1212 2344 caput
1259 2274 1604 2344 rutundatur,
1651 2293 1805 2327 aures

113 2369 354 2404 enormes
403 2355 653 2421 repetunt
701 2352 986 2420 pristinam
1032 2350 1376 2418 paruitatem,
1428 2349 1612 2402 dentes
1660 2349 1808 2401 saxei

19 2439 25 2457 '·
44 2445 92 2479 so
113 2425 338 2478 redeunt
360 2425 427 2478 ad
455 2425 745 2479 humanam
776 2425 1059 2477 minutiem
1092 2427 1158 2492 et,
1191 2442 1324 2492 quae
1351 2442 1437 2476 me
1461 2422 1807 2492 potissimum

114 2498 386 2553 cruciabat
424 2503 568 2570 ante,
615 2500 782 2554 cauda
827 2516 1091 2567 nusquam
1134 2501 1401 2565 comparet.
1478 2496 1665 2566 populi
1712 2497 1807 2548 mi-

234 2648 286 2688 11
328 2643 743 2689 inclementissime
776 2662 811 2701 φ
867 2642 1280 2688 inclementissime
1314 2644 1343 2686 ὃ
1480 2646 1534 2687 16
1572 2642 1738 2686 reabse
1771 2641 1806 2684 F

111 2730 162 2762 re
194 2717 254 2762 ab
288 2730 336 2761 se
368 2718 444 2773 φᾶ
563 2723 618 2763 21
651 2717 831 2778 amenis
864 2717 899 2759 F
1021 2721 1090 2760 21.
1110 2721 1166 2759 22
1207 2715 1514 2772 cupidissime
1546 2716 1623 2772 φδ
1677 2714 1808 2772 cupi-

114 2777 201 2827 dus
230 2775 451 2834 promissi
480 2775 583 2822 FE.
708 2783 764 2821 25
796 2775 964 2820 residit
994 2777 1159 2831 scripsi
1187 2775 1365 2820 residet
1396 2775 1498 2819 cdd
1532 2776 1652 2819 idem
1682 2789 1805 2819 men-

113 2837 222 2880 dwm
244 2849 359 2881 corr.
384 2835 474 2880 Lu.
496 2840 535 2880 9.
556 2841 608 2880 11
635 2839 753 2893 σίζει
778 2840 892 2880 1.14
977 2839 1047 2879 26.
1073 2838 1128 2878 27
1153 2834 1250 2879 iam
1272 2847 1367 2878 non
1391 2835 1421 2877 ὃ
1506 2838 1562 2878 27
1589 2835 1751 2890 erepta
1777 2835 1808 2878 ὃ

20 2908 26 2939 s
113 2899 167 2939 31
209 2896 448 2952 comparet
485 2896 650 2952 smpsi
690 2893 954 2952 comparuit
992 2895 1042 2949 ὃ,
1082 2895 1216 2939 inser.
1250 2894 1367 2938 idem
1404 2907 1464 2938 m.
1495 2894 1806 2940 recentissima

21 2953 346 3005 .2·nFom.
379 2955 505 3011 (pes.
541 2958 642 3001 147.
666 2959 745 3011 24;
782 2959 879 2998 191.
905 2959 931 2997 5
