1916 3132
109 88 179 140 74
774 93 868 138 ΔΕ
876 91 1151 140 YTEPON

109 225 291 280 πολλὰ
319 228 572 296 σχολάζει
599 226 691 280 καὶ
717 226 885 281 ἀσκεῖ
914 229 1151 292 τοξείαν.
1206 229 1330 319 Q
1357 229 1423 283 δέ
1446 229 1601 284 ἐστιν
1626 227 1656 284 ὁ
1683 232 1808 299 βίος

107 310 415 380 ἀφόρητος,
457 315 749 366 ἐλπίσαντι
786 313 890 379 μὲν
917 310 1166 382 ἀδελφῆς
1203 314 1451 382 ἐμαῦτοῦ
1477 313 1634 368 παιδὶ
1663 317 1807 368 ταύ-

108 416 212 465 την
240 397 531 465 ἐκδώσειν,
568 396 660 449 καὶ
695 396 844 465 μάλα
877 416 941 464 γε
977 395 1179 470 ἀστείῳ
1215 398 1310 451 καὶ
1349 401 1600 468 χαρίεντι.
1633 398 1808 468 λόγον

107 500 168 533 τε
195 482 289 534 καὶ
314 475 456 550 ἦθος
481 479 1274 568 νεανίσκῳ,-Ᾰάπρτυγχάνογτι
1308 484 1371 538 δὲ
1407 481 1499 537 διὰ
1537 480 1642 552 τήν
1667 483 1806 536 ταύ-

108 584 205 634 της
230 564 418 635 ἀπηνῆ
446 567 651 633 κρίσιν.
708 563 838 619 οὔτε
863 565 971 635 γάρ
998 568 1337 636 θεραπεύων
1362 566 1495 621 οὔτε
1523 569 1804 636 ἐπαγγελ-
1830 587 1853 619 5

109 650 344 719 λόμενος
391 647 522 703 οὔτε
569 648 873 718 λογισμούς
921 649 1210 706 ἀνακινῶν
1247 661 1435 705 πεῖσαι
1473 653 1804 722 δεδύνημαι,

108 732 254 787 ἀλλά
291 733 354 787 τὸ
392 733 804 803 χαλεπώτατον,
845 744 959 798 τοῖς
998 737 1180 806 ἐμοῖς,
1219 737 1282 790 τὸ
1307 740 1410 790 τοῦ
1446 737 1639 805 λόγου,
1677 734 1801 790 κατ’

110 819 251 887 ἐμοῦ
278 819 538 888 κέχρηται
563 828 816 888 πτεροῖς,
854 822 948 872 καὶ
973 821 1076 890 τὴν
1103 820 1166 874 ἐκ
1193 822 1382 889 λόγων
1407 822 1802 890 πολυπειρίαν,

107 900 182 972 ’ἣν
208 907 470 972 ποικίλην
498 903 843 974 ἐδιδαξάμην
875 903 1017 972 πρὸς
1041 904 1397 974 κατασκευήν
1419 892 1526 958 τοῦ
1553 903 1653 958 τὸν
1679 902 1802 975 ἄρι-

108 1003 244 1041 στον
290 986 542 1058 ᾑρῆσθαι
590 990 742 1058 βίον,
796 990 1246 1059 ἐπανατείνεται,
1297 989 1664 1054 ἐπιθειάζουσα
1701 989 1805 1058 μὲν
1835 1007 1877 1042 10

109 1075 428 1140 παρθενίαν
455 1072 548 1125 καὶ
585 1071 753 1141 ἐγγύς
787 1072 1091 1128 ἀθανάτων
1127 1073 1556 1144 ἀποφαίνουσα,
1593 1072 1803 1142 ἄχραν-

107 1176 207 1209 τον
234 1155 328 1210 καὶ
354 1155 636 1227 ἀκήρατον
673 1158 764 1211 καὶ
802 1156 1164 1229 ἀδιάφθορον
1191 1156 1568 1227 ὀνομάζουσα,
1596 1160 1805 1225 ἔρωτας

108 1241 171 1293 δὲ
198 1242 291 1293 καὶ
312 1240 650 1311 Ἀφροδίτην
677 1244 769 1296 καὶ
806 1245 990 1296 πάντα
1017 1244 1293 1313 γαμήλιον
1318 1245 1528 1296 θίασον
1553 1240 1804 1296 ἀποσκο-

109 1321 446 1394 ρακίζουσα.λζ
481 1325 620 1395 πρὸς
645 1332 821 1381 ταῦτα
849 1329 920 1397 δή
947 1342 1010 1381 σε
1035 1326 1254 1398 βοηθὸν
1282 1328 1682 1396 ἐπικαλοῦμαι,
1710 1326 1803 1380 καὶ

111 1407 205 1463 διὰ
229 1414 395 1464 τοῦτο
431 1415 636 1480 καιροῦ
672 1412 984 1481 λαβόμενος
1021 1414 1115 1465 καὶ
1150 1410 1407 1480 ἀφορμῆς
1444 1415 1540 1480 τῆς
1577 1410 1638 1464 ἐκ
1662 1407 1803 1464 ταύ-
1835 1430 1874 1463 15

109 1496 355 1563 τομάτου
380 1514 497 1558 πως
524 1497 883 1567 ἐνδοθείσης,
921 1497 1270 1566 μακροτέρου
1297 1493 1438 1563 πρὸς
1463 1496 1526 1549 σὲ
1551 1505 1652 1550 τοῦ
1678 1497 1802 1566 διη-

109 1581 353 1649 γήματος
379 1579 642 1650 ἐδεήθην,
672 1581 764 1634 καὶ
785 1580 881 1644 δὸς
906 1580 1010 1650 τὴν
1036 1581 1222 1651 χάριν,
1251 1574 1296 1632 ὦ
1320 1580 1482 1647 ’γαθὲ
1507 1578 1802 1650 Καλάσιρι.

110 1667 323 1733 σοφίαν
359 1661 486 1717 τινὰ
524 1663 619 1716 καὶ
657 1669 823 1733 ἴυγγα
864 1669 1100 1734 κίνησον
1141 1663 1228 1718 ἐπ’
1260 1664 1439 1735 αὐτὴν
1463 1665 1800 1732 Αἰγυπτίαν.

112 1757 311 1801 πεῖσον
347 1747 383 1818 ἢ
422 1747 608 1815 λόγοις
643 1747 680 1817 ἢ
719 1751 902 1818 ἔργοις
938 1752 1211 1819 γνωρίσαι
1237 1748 1340 1818 τὴν
1379 1750 1577 1818 ἑαυτῆς
1602 1749 1801 1818 φύσιν,

112 1833 207 1886 καὶ
244 1831 328 1886 ὅτι
365 1829 508 1901 γυνὴ
547 1830 781 1901 γέγονεν
821 1834 1042 1886 εἰδέναι.
1127 1834 1455 1904 βουλομένω
1502 1834 1569 1887 δέ
1611 1847 1700 1887 σοι
1737 1831 1801 1886 τὸ
1829 1850 1871 1885 20

110 1920 339 1987 πρᾶγμα
388 1917 604 1987 ῥᾴδιον.
692 1913 823 1971 οὔτε
868 1915 976 1986 γάρ
1025 1915 1402 1987 ἀπρόσμικτος
1440 1917 1625 1986 ἐκείνη
1664 1915 1804 1988 πρὸς

107 2002 241 2065 τοὺς
289 1999 490 2070 λόγους
534 2005 648 2054 τῶν
696 1999 952 2071 ἀνδρῶν,
1003 2000 1147 2054 ἀλλά
1184 2001 1246 2055 τὸ
1284 2005 1548 2055 πλεῖστον
1584 2001 1804 2064 τούτοις

110 2086 412 2156 συνόμιλος
438 2086 860 2156 ἐπαρθενεύθη·
899 2087 993 2140 καὶ
1029 2091 1250 2155 οἴκησιν
1286 2088 1433 2139 οἰκεῖ
1452 2100 1540 2138 σοι
1567 2084 1668 2155 τὴν
1695 2083 1803 2138 αὐ-

110 2169 215 2240 τὴν
255 2169 536 2239 ἐνταῦθα,
578 2167 736 2247 ἐντᾲς
775 2172 917 2241 φημὶ
955 2175 1056 2239 τοῦ
1095 2171 1400 2241 περιβόλου
1427 2171 1522 2223 καὶ
1547 2168 1678 2239 περὶ
1702 2169 1802 2223 τὸν

109 2254 275 2309 νεών.
319 2256 507 2323 ἱκέτην
533 2249 642 2309 οὖν
667 2254 973 2324 γινόμενον
982 2239 1069 2325 ζ’μὴ
1095 2256 1336 2326 παρίδῃς
1360 2273 1455 2323 με,
1493 2254 1632 2324 μηδὲ
1661 2267 1798 2322 συγ-
1829 2271 1871 2305 25

109 2340 367 2410 χωρήσῃς
392 2339 605 2393 ἄπαιδα
641 2342 734 2394 καὶ
761 2339 1210 2410 ἀπαραμύθητον
1237 2337 1330 2392 καὶ
1364 2340 1644 2407 διαδόχων
1670 2340 1803 2406 ἔρη-

108 2445 218 2494 μον
245 2426 307 2478 ἐν
332 2425 500 2494 γήραι
533 2428 700 2494 βαρεῖ
720 2425 954 2493 διάγειν,
991 2422 1065 2494 μὴ
1091 2422 1232 2494 πρὸς
1255 2423 1603 2484 Ἀπόλλωνος
1627 2419 1803 2476 αὐτοῦ

110 2512 204 2562 καὶ
237 2511 353 2562 τῶν
387 2510 674 2578 ἐγχωρίων
711 2524 799 2562 σοι
835 2512 1004 2563 θεῶν.

222 2593 511 2663 ἐδάκρυσα
548 2594 767 2648 τούτων
806 2592 1036 2647 ἀκούων
1072 2587 1115 2646 ὦ
1155 2590 1424 2660 Κνήμων,
1474 2590 1666 2660 ἐπειδὴ
1699 2589 1802 2645 κά-

112 2687 296 2740 κεῖνος
323 2675 425 2730 οὐκ
453 2676 773 2748 ἀδάκρυτον
810 2677 913 2747 τὴν
942 2679 1159 2732 ἱκεσίαν
1185 2680 1461 2745 προσῆγε,
1501 2675 1594 2729 καὶ
1622 2676 1796 2744 ἐπηγ-
1826 2689 1870 2724 30

24 2764 94 2816 34
109 2763 408 2832 γελλόμην,
451 2767 587 2815 εἴτι
626 2763 924 2832 δυναίμην,
967 2759 1373 2831 συλλήψεσθαι.
1437 2758 1531 2812 καὶ
1567 2762 1646 2813 ἔτι
1671 2757 1801 2826 περὶ

111 2847 329 2901 τούτων
368 2848 869 2916 διασκοπουμένων
905 2845 1095 2915 ἡμῶν,
1147 2843 1465 2914 εἰσδραμεόν
1500 2863 1583 2905 τις
1619 2842 1799 2912 ἀπήγ-
