1916 3132
14 1043 55 1078 10

14 1466 55 1500 15

15 2314 58 2348 25

752 109 1131 158 AEYTEPON
1717 107 1788 159 49

88 254 300 321 Θίσβην
325 251 580 305 ἔσπευδε.
638 267 850 332 ταυτην
877 245 1088 315 ὀλίγων
1114 247 1372 314 πρόσθεν
1395 243 1625 315 ἡμερῶν
1651 246 1786 314 ἀγο-

83 337 260 408 μένην
295 331 406 389 ὑπὸ
444 336 546 388 τοῦ
585 300 845 403 ἐμπόρου
885 335 988 385 τοῦ
1028 332 1422 394 Ναυσικλέους
1471 331 1613 383 κατά
1661 350 1787 383 τινα

84 418 290 490 στενὴν
327 424 424 490 τῆς
459 420 745 487 ὑπωρείας
782 414 938 470 ὁδὸν
956 415 1195 486 λοχήσας
1231 414 1259 469 6
1291 416 1612 485 Θέρμουθις
1638 413 1788 495 ἀφῄ-

85 523 249 575 ρῃτο·
290 504 442 574 παρὰ
481 505 542 557 δὲ
579 501 681 556 τὸν
719 505 820 556 τοῦ
858 502 1107 570 πολέμου
1142 501 1401 568 θόρυβον
1425 497 1519 553 καὶ
1545 499 1789 570 τὴῐῖτών

85 591 360 645 ἐναντίων
399 591 629 659 ἔφοδον,
680 587 772 643 ὅτε
821 584 997 640 αὐτὸν
1036 590 1264 638 οἴσοντα
1302 583 1365 638 τὸ
1406 586 1612 653 ἱερεῖον
1651 583 1790 639 ἀπέ-

85 678 318 728 στελλεν
358 672 387 728 6
417 676 652 743 Θύαμις,
696 675 797 738 ἔξω
833 675 1018 742 βελῶν
1055 672 1397 739 ποιούμενος
1423 669 1516 723 καὶ
1544 670 1787 739 περισώ·

83 764 195 826 ζειν
233 759 416 831 ἑαυτῷ
449 760 816 829 βουλόμενος,
858 760 1066 811 ἔλαθεν
1094 758 1171 819 είς
1195 755 1258 810 τὸ
1288 756 1567 826 σπήλαιον
1594 755 1791 820 καθεὶς

85 846 180 898 καὶ
217 844 358 913 πρὸς
382 847 484 900 τὸν
509 846 756 913 τάραχον
782 842 876 897 καὶ
901 842 1004 912 τὴν
1031 840 1292 910 σπουδήν
1319 839 1495 894 αὐτοῦ
1522 861 1634 895 που
1661 843 1789 909 περὶ

82 929 145 984 τὸ
185 930 416 999 στόμιον
450 931 798 984 καταλιπων.
862 933 1034 998 ἔνθα,
1076 924 1150 990 ὥς
1184 926 1466 996 ἐνεβλήθη
1485 925 1646 980 hato}
1686 927 1790 995 τὴν

84 1015 332 1085 πρώτην,
386 1014 871 1084 ἐγκαταμείνασαν
918 1013 1030 1067 δέει
1078 1033 1137 1066 τε
1185 1017 1300 1066 τῶν
1339 1011 1641 1078 παρόντων
1682 1012 1788 1081 φό-

83 1103 205 1169 βων
234 1106 324 1154 καὶ
353 1097 556 1170 άγνοία
581 1121 695 1154 των
721 1096 861 1166 πρὸς
886 1119 952 1152 τα
979 1100 1133 1168 βάθη
1163 1102 1471 1167 φερουσῶν
1498 1117 1789 1167 ατραπων,

85 1183 336 1254 ἐντυχών
376 1184 405 1238 6
436 1186 654 1287 Θυαμις
675 1182 766 1251 (ως
791 1182 1153 1253 Χαρίκλειαν
1174 1181 1376 1255 άνῄρει
1418 1181 1522 1252 τὴν
1550 1186 1786 1252 Θίσβην.

83 1270 235 1338 παρὰ
290 1269 357 1338 δὴ
407 1270 639 1339 ταύτην,
688 1267 762 1334 ὣς
810 1270 1119 1363 διαδράσας
1159 1267 1256 1321 τὸν
1298 1270 1361 1322 ἐκ
1398 1273 1498 1320 τοῦ
1539 1269 1790 1335 πολέμου

83 1355 377 1423 κίνδυνον,
420 1352 449 1406 6
490 1356 813 1425 Θέρμουθις
853 1354 1239 1422 επειγόμενος,
1294 1351 1486 1421 ἐπειδὴ
1528 1355 1596 1421 τῇ
1634 1353 1790 1424 νήσῳ

86 1442 418 1508 προσέσχεν,
458 1460 534 1503 ως
567 1437 678 1509 εἶχε
717 1440 948 1508 τάχους,
992 1437 1084 1491 ἐπὶ
1122 1437 1219 1501 τάς
1259 1438 1470 1504 σκηνας
1509 1436 1787 1506 άνέτρεχε.

83 1526 178 1578 καὶ
205 1526 266 1576 αἳ
287 1545 392 1593 μεν
417 1516 563 1594 ἦσαν
591 1522 759 1576 οὐδὲν
795 1527 874 1577 ἔτι
912 1525 1061 1593 πλὴν
1097 1521 1182 1576 ὅτι
1217 1523 1425 1592 τέφρα,
1463 1521 1525 1576 τὸ
1562 1524 1623 1577 δὲ
1661 1523 1791 1576 στό-

83 1629 213 1680 μιον
239 1607 351 1662 άπὸ
383 1613 485 1661 τοῦ
512 1612 683 1662 λίθου
710 1612 963 1677 χαλεπως
988 1604 1269 1677 ἀνευρών,
1308 1607 1595 1676 καλάμους
1624 1626 1700 1673 τε,
1743 1613 1802 1661 εἴ

84 1695 162 1765 πῄ
183 1713 331 1756 τινες
346 1695 426 1747 ἔτι
446 1693 788 1763 σμυχόμενοι
815 1696 1316 1762 περιελείφθησαν,
1352 1690 1656 1762 ἁψάμενος,
1685 1713 1791 1746 κα-

84 1778 282 1832 τέθεεν
321 1774 394 1841 ὡς
433 1774 543 1847 εἶχε
582 1779 862 1847 σπουδῆς,
915 1777 1188 1848 ὀνομαστί
1221 1797 1281 1831 τε
1321 1780 1541 1847 Θίσβην
1581 1778 1790 1846 ἐκάλει,

86 1865 244 1934 μέχρι
291 1866 392 1917 τοῦ
440 1861 712 1931 ὀνόματος
750 1864 1066 1932 ἑλληνίζων.
1142 1859 1215 1925 ὥς
1252 1863 1314 1917 δὲ
1355 1858 1468 1916 εἶδε
1505 1862 1790 1933 κειμένην,

88 1947 177 2002 ἐπὶ
231 1947 378 2002 πολὺ
426 1949 530 2017 μὲν
570 1946 778 2018 ἀχανὴς
818 1950 1088 2019 εἱστήκει·
1141 1948 1297 2012 τέλος
1336 1949 1397 2001 δὲ
1435 1952 1626 2016 θροῦν
1662 1948 1790 2002 τινὰ
1837 1989 1846 2004 x

85 2031 179 2087 καὶ
215 2031 432 2103 βόμβον
471 2034 812 2102 αἰσθόμενος
851 2034 912 2087 ἐκ
951 2037 1066 2087 τῶν
1103 2036 1312 2087 κοίλων
1357 2036 1460 2086 τοῦ
1510 2037 1791 2101 σπηλαίου

85 2118 405 2188 φερόμενον
432 2118 774 2186 (διελέγοντο
810 2118 920 2188 γάρ
957 2122 1036 2172 ἔτι
1071 2117 1213 2188 πρὸς
1248 2118 1484 2180 ἑαυτοὺς
1512 2120 1793 2187 Θεαγένης

85 2221 145 2256 τε
183 2204 278 2256 καὶ
313 2203 582 2272 Κνήμων)
622 2204 858 2267 τούτους
898 2205 1152 2266 ἐκείνους
1191 2201 1335 2257 εἶναι
1373 2203 1505 2267 τοὺς
1543 2204 1793 2272 σφαγέας

89 2287 184 2356 τῆς
212 2290 424 2357 Θίσβης
463 2291 662 2355 εἰκαζε,
704 2287 797 2341 καὶ
837 2287 1135 2358 ἀμηχάνως
1173 2309 1319 2358 ειχεν
1360 2288 1390 2341 ὅ
1427 2310 1480 2342 τι
1518 2289 1612 2342 και
1651 2290 1792 2358 δρά-

19 2441 22 2443 *
89 2385 257 2440 σειεν,
287 2370 399 2426 ὑπὸ
425 2374 530 2441 μὲν
555 2378 747 2443 θυμοῦ
770 2377 1080 2444 λῃστρικοῦ
1108 2373 1202 2426 καὶ
1228 2377 1580 2444 βαρβαρικῆς
1599 2369 1789 2471 ὀργῆς,

19 2737 63 2772 30

88 2458 261 2511 πλέον
287 2458 412 2510 τότε
438 2456 511 2511 δι’
539 2457 816 2527 ἐρωτικὴν
843 2456 1156 2527 ἀποτυχίαν
1184 2457 1680 2527 έπιτεινομένης,
1658 2478 1791 2526 ομο-

89 2555 152 2595 σε
178 2551 382 2610 χωρεῖν
409 2541 614 2596 αὐτόθι
640 2553 756 2606 τοῖς
782 2544 1160 2613 νομιζομένοις
1186 2546 1384 2606 αἰτίοις
1411 2542 1790 2611 ἐπειγόμενος,

89 2624 296 2696 ἀπορία
317 2627 379 2681 δὲ
401 2626 593 2681 ὅπλων
620 2627 714 2680 καὶ
747 2629 946 2697 ξίφους
974 2626 1129 2682 ἄκων
1159 2629 1300 2695 πρὸς
1332 2628 1660 2698 ἐγκράτειαν
1687 2647 1783 2680 κα-

91 2711 547 2779 ταστελλόμενος.

110 2799 112 2802 ’
200 2796 385 2851 ἐδόκει
423 2797 485 2850 δὲ
523 2795 674 2851 αὐτω
709 2799 1000 2866 βέλτιστον
1028 2795 1173 2851 εἶναι
1198 2796 1270 2868 μὴ
1298 2796 1373 2860 ὥς
1398 2798 1666 2865 πολέμιον
1695 2795 1789 2848 ἐν-
1814 2794 1880 2847 13

91 2881 390 2950 τυγχάνειν
424 2880 528 2952 τὴν
565 2883 814 2988 πρώτην,
857 2885 908 2936 εί
931 2883 993 2937 δὲ
1021 2882 1390 2951 εὐπορήσειεν
1417 2881 1789 2950 ἄμυντηρίου,

180 2960 518 3021 nnL10D.²“)'‘
541 2975 553 2982 ’
654 2976 727 3013 ²⁴!
1471 2971 1539 3036 ,4
