1916 3132
0 59 88 95 ’Μ’
107 77 122 95 ‘
162 55 261 148 1²6ssss
821 98 1186 146 HEMHTON

155 235 324 303 ζήλου
350 235 803 304 προσπεσόντων.
856 232 950 287 καὶ
979 227 1245 326 δῆλος-ην
1257 233 1521 300 <αὐτόθεν
1549 231 1879 304 ἐπανήκων>

155 317 263 372 άπὸ
290 321 391 372 τοῦ
417 319 747 388 βλέμματος
743 319 995 394 ἐμμανές
1023 339 1072 372 τι
1100 320 1515 393 διανοούμενος.
1555 316 1714 373 οὔπω
1739 320 1846 388 γὰρ

157 403 359 472 σχεδόν
385 423 437 456 τι
463 387 843 471 κατακλινείς,
885 400 989 470 ε’γω
1030 397 1108 472 δε,
1150 423 1286 472 εφη,
1328 402 1388 457 τὸ
1422 404 1587 471 γέρας
1620 402 1682 456 τὸ
1707 423 1846 470 προ-

158 467 677 557 εμβατήριονχτίνος
701 488 897 541 ἕνεκεν
923 486 1047 556 οὐχὶ
1074 491 1387 557 κομίζομαις
1429 486 1528 557 ὅτι,
1558 491 1664 558 ἔφη
1699 493 1848 558 Τρα-
1882 517 1885 519 <

0 557 135 635 {⁷3⁶5
155 582 325 642 χῖνος,
356 570 461 625 ούκ
487 570 711 642 ᾔτησας.
754 570 879 624 ἀλλ’
903 571 1037 625 οὐδὲ
1064 566 1537 650 νεμψζιέοὐδέπω
1558 574 1844 643 προυτέθη

155 656 670 730 τῶνείλημμένων.
737 657 830 709 καὶ
870 654 953 724 ὅς,
994 654 1210 710 οὐκοῦν
1246 658 1380 710 αἰτῶ
1416 656 1518 726 τήν
1545 657 1720 727 κόρην
1745 652 1847 726 τὴν

116 732 522 810 ἡαἰχμάλωτον.
598 744 700 794 τοῦ
748 745 1026 812 Τραχίνου
1065 742 1177 794 δέ’
1184 747 1315 808 ο,παρ
1326 727 1617 825 ’ὲαύτὴνὶὶό
1651 741 1847 809 βούλει

155 826 447 895 λάμβανε”
490 826 776 894 εἰπόντος,
818 823 846 877 6
884 826 1150 894 Πέλωρος
1186 822 1513 894 ὑπολαβών,
1554 794 1847 887 καταλύεις

155 912 261 963 οὐν
298 907 409 974 τὸν
415 908 613 990 νόμον
650 909 752 963 τὸν
790 909 1114 980 λῃστρικόν,
1125 907 1229 1012 ὃς
1252 914 1327 979 τῷ
1354 911 1559 980 πρώτῳ
1589 909 1846 977 ἐπιβάντι

153 992 288 1064 νηὸς
325 993 591 1062 πολεμίας
629 995 722 1046 καὶ
759 992 859 1047 τὸν
891 994 1033 1061 ὑπὲρ
1061 994 1291 1047 παντων
1318 993 1506 1062 ἀγῶνα
1533 995 1846 1062 προκινδυ-

152 1079 419 1133 νεύσαντι
465 1076 567 1148 τὴν
605 1099 744 1132 κατα
783 1079 1059 1147 βούλησιν
1107 1076 1703 1154 ἐκλογήᾈᾴπένειμεν.
1778 1076 1863 1132 06.

152 1167 373 1231 τοῦτον,
416 1159 572 1216 εἶπεν
599 1159 628 1215 ὁ
663 1167 958 1231 Τραχῖνος,
1000 1157 1043 1214 ὦ
1080 1163 1358 1231 βέλτιστε,
1398 1164 1678 1232 καταλύω,
1717 1161 1841 1216 ἀλλ’

153 1247 319 1319 ἑτέρῳ
357 1245 512 1319 νόμῳ
551 1249 978 1316 διισχυρίζομαι,
1018 1248 1150 1310 τούς
1187 1243 1474 1316 ὑπηκόους
1516 1251 1689 1300 εἴκειν
1732 1257 1846 1310 τοῖς

156 1331 393 1401 ἄρχουσι
420 1331 728 1385 κελεύοντι.
778 1334 1039 1385 πέπονθα
1066 1331 1135 1400 δή
1159 1351 1213 1384 τι
1239 1328 1378 1400 πρὸς
1402 1329 1505 1400 τὴν
1531 1328 1724 1400 κόρην,
1751 1332 1842 1384 καὶ

153 1414 401 1486 γαμετὴν
447 1418 668 1485 ἐμαυτῷ
709 1416 1016 1485 λαμβάνων
1055 1419 1470 1484 προτιμηθῆναι
1509 1416 1731 1468 δικαιῶ·
1773 1412 1845 1467 σύ

155 1503 216 1555 δὲ
245 1503 294 1554 εἰ
317 1500 389 1570 μὴ
417 1498 478 1554 τὸ
506 1501 884 1570 κελευόμενον
910 1503 1204 1569 πράττοις,
1246 1498 1349 1553 οὐκ
1388 1501 1465 1562 εις
1498 1501 1723 1567 μακρὰν
1758 1501 1844 1553 οἰ-

154 1584 336 1655 μωξῃ,
386 1586 531 1656 τῷδε
575 1605 648 1656 τῳ
699 1589 933 1652 κρατῆρι
972 1585 1335 1678 βαλλόμενος.
1366 1582 1371 1644 l
1413 1581 1442 1636 6
1481 1585 1542 1638 δὲ
1581 1585 1846 1666 Πέλωρος

155 1668 375 1723 άπιδων
404 1671 479 1731 εἰς
505 1688 636 1730 τους
662 1669 973 1736 παρόντας,
1014 1667 1203 1736 ὁρᾶτε,
1242 1671 1379 1737 ε’φη,
1420 1666 1710 1737 τάπίχειρα
1735 1671 1844 1722 τῶν

1877 1015 1916 1050 10

1874 1436 1916 1469 15

154 1754 376 1817 πόνων,
419 1750 565 1805 οὕτω
603 1751 694 1804 καὶ
722 1750 883 1819 ὑμων
910 1751 1138 1813 ε’καστος
1162 1754 1264 1804 τοῦ
1287 1753 1462 1820 γέρως
1487 1753 1619 1805 ποτὲ
1647 1766 1842 1822 στερη-
1901 1758 1906 1764 ’

154 1837 384 1907 θήσεται
432 1837 524 1890 καὶ
573 1839 671 1889 τοῦ
719 1839 1066 1901 τυραννικοῦ
1103 1839 1310 1889 τούτου
1347 1835 1526 1904 νόμου
1564 1835 1838 1906 πειραθή-

154 1939 322 1976 σεται.

260 2010 316 2059 τί
349 1997 421 2074 ἦν
459 2006 601 2057 ἰδεῖν
638 2003 699 2057 τὸ
749 2005 1038 2071 ἐντεῦθεν,
1089 2025 1131 2056 ω
1172 2007 1539 2066 Ναυσίκλεις;
1590 2006 1840 2075 θαλάττῃ

154 2093 528 2160 προσείκασας
572 2085 644 2140 ἂν
680 2089 811 2150 τοὺς
849 2088 1061 2156 ἄνδρας
1099 2089 1367 2157 αἰφνιδίῳ
1406 2059 1843 2142 σπιλάδιῦκατα-

155 2176 506 2236 σεισθέντας·
550 2171 728 2235 οὕτως
755 2171 954 2240 άλογός
978 2192 1060 2235 τις
1086 2170 1224 2241 ὁρμὴ
1254 2170 1391 2240 πρὸς
1417 2169 1708 2241 άφραστον
1736 2171 1840 2225 αὐ-

153 2279 286 2324 τους
308 2257 500 2327 ἤγειρε
526 2257 789 2326 τάραχον,
830 2256 927 2309 άτε
963 2262 1100 2326 οἴνῳ
1128 2257 1219 2310 καὶ
1245 2261 1412 2326 θυμῷ
1440 2257 1708 2323 κατόχους
1741 2277 1842 2326 γε-

70 2346 139 2399 33
158 2344 516 2413 γενημένους.
594 2344 651 2394 οἳ
684 2342 786 2410 μὲν
823 2343 932 2409 γάρ
971 2362 1045 2404 ως
1081 2344 1284 2393 τοῦτον
1324 2343 1383 2393 οἳ
1413 2339 1464 2392 δ’
1506 2360 1581 2402 ως
1620 2334 1842 2394 ἐκεῖνον

155 2427 589 2493 άποκλίναντες,
632 2428 689 2477 οἳ
718 2426 821 2524 μὲν
860 2427 1142 2478 αἰδεῖσθαι
1170 2425 1270 2478 τὸν
1297 2424 1562 2492 άρχοντα,
1602 2427 1663 2477 οἳ
1682 2425 1743 2478 δὲ
1769 2423 1842 2494 μή

155 2511 535 2565 καταλύεσθαι
556 2507 655 2562 τὸν
674 2511 850 2599 νόμον
870 2510 1211 2578 ἐθορύβουν.
1242 2509 1335 2561 καὶ
1355 2506 1551 2570 τέλος“
1527 2528 1555 2560 ο
1571 2509 1676 2576 μὲν
1696 2512 1840 2576 Τρα-

154 2604 307 2665 χῖνος
344 2578 846 2659 έπανετείνετοῖως
871 2612 946 2662 τῳ
974 2597 1208 2662 κρατῆρι
1234 2592 1491 2656 πατάξων
1517 2590 1616 2644 τὸν
1643 2594 1838 2646 Πέλω-

157 2699 279 2748 ρον,
318 2677 360 2744 6
411 2679 474 2731 δέ
510 2678 1065 2747 (προπαρεσκεύαστο
1103 2678 1234 2745 γάρ)
1277 2676 1586 2746 ἐγχειριδίῳ
1631 2675 1842 2743 φθάνει
1869 2692 1912 2727 30

157 2763 471 2817 διελαύνων
507 2761 608 2815 τὸν
645 2760 831 2829 μαζόν.
895 2763 989 2813 καὶ
1024 2757 1055 2814 6
1089 2761 1192 2828 μὲν
1219 2761 1395 2812 ἔκειτο
1422 2763 1613 2830 καιρίᾳ
1636 2762 1841 2828 βεβλη-

154 2850 345 2917 μένος,
395 2856 508 2910 τοῖς
555 2850 770 2907 λοιποῖς
817 2846 878 2898 δὲ
928 2843 1210 2906 ἄσπονδος
1252 2842 1543 2897 ἐκτέτακτο
1582 2843 1839 2912 πόλεμος,
1914 2844 1916 2846 ’
