1916 3132
168 164 233 210 VI
834 130 1190 211 PRAEFATio.

278 291 524 354 Apuleius
563 291 687 338 mihi
719 291 921 354 quidem
959 306 1154 353 semper
1184 291 1325 339 uisus
1358 292 1435 339 est
1463 291 1718 354 requirere
1752 291 1853 339 edi-

166 367 328 414 torem
383 368 434 413 et
487 368 693 413 cautum
746 367 797 414 et
850 365 1116 429 audacem,
1171 366 1280 429 qui,
1337 365 1605 428 diligenter
1655 365 1853 413 ratione

168 439 343 488 habita
397 439 592 503 generis
647 439 893 488 scribendi
943 439 1212 502 Apuleiani
1263 454 1354 487 nec
1408 455 1508 487 non
1567 439 1855 488 litterarum

169 513 353 562 ductus
394 515 445 561 et
483 514 760 562 sententiae
799 516 1025 562 tenorem
1056 513 1229 562 sedulo
1269 515 1486 576 secutus,
1526 528 1854 576 quaecunque

168 588 350 636 merito
375 587 614 649 corrupta
636 588 943 651 uiderentur,
967 587 1296 650 probabiliter
1317 588 1635 636 instauraret.
1682 587 1854 635 'Palem

170 665 421 725 quatenus
462 661 704 710 editorem
741 662 1101 725 praestiterim,
1141 662 1381 709 candidus
1420 661 1642 709 iudicato
1681 662 1852 710 lector.

168 736 377 798 Saepius
422 736 547 783 mihi
591 737 703 784 loca
749 737 988 784 lacunosa
1035 735 1403 798 deprehendere
1454 735 1594 783 uisus
1646 750 1755 783 sum
1803 737 1855 783 et

167 826 226 858 ea
273 810 336 858 ad
380 810 728 873 integritatem
780 826 1020 859 reuocare
1067 825 1179 858 sum
1225 811 1455 858 conatus:
1503 825 1718 872 namque
1768 809 1852 856 fir-

164 885 315 933 miter
350 899 649 947 persuasum
687 884 847 933 habeo
886 885 938 931 in
975 883 1204 932 omnibus
1242 884 1346 931 fere
1386 885 1616 930 ueterum
1655 882 1852 945 scriptis

166 974 267 1007 non
312 959 479 1006 minus
525 959 690 1006 multa
737 973 843 1007 esse
892 958 1093 1021 omissa,
1143 972 1295 1020 quam
1340 959 1590 1019 corrupta.
1668 956 1852 1004 Sedulo

168 1034 341 1080 autem
390 1033 573 1096 collegi
613 1049 741 1095 quae
779 1032 879 1080 uiri
917 1032 1073 1092 docti,
1117 1031 1268 1079 huius
1313 1030 1607 1093 praesertim
1652 1030 1855 1094 saeculi,

171 1106 231 1154 de
270 1106 438 1154 uerbis
479 1109 530 1154 et
568 1107 801 1169 operibus
838 1106 1135 1168 Apuleianis
1186 1105 1543 1168 disseruerant,
1584 1106 1634 1152 et
1672 1104 1716 1152 si
1754 1119 1855 1167 qua

173 1196 279 1228 esse
317 1180 612 1228 uiderentur
646 1180 941 1243 probabilia,
980 1179 1032 1227 in
1069 1195 1236 1227 meum
1273 1179 1501 1227 conuerti
1536 1193 1698 1227 usum.

282 1253 426 1311 Quod
465 1255 528 1303 ad
568 1256 836 1303 uerborum
876 1254 1179 1316 scripturam
1225 1253 1423 1315 attinet,
1464 1254 1709 1315 quantum
1747 1253 1855 1300 eius

173 1328 283 1376 fieri
322 1329 507 1392 potuit,
547 1329 843 1378 uetustior-is
883 1328 1064 1377 codicis
1103 1327 1379 1375 Florentini
1421 1326 1667 1374 scribendi
1702 1326 1856 1374 ratio-

169 1419 286 1450 nem
324 1418 435 1450 sum
475 1405 700 1466 secutus,
739 1419 923 1466 neque,
962 1401 1051 1450 ubi
1090 1401 1244 1449 codex
1282 1400 1378 1449 sibi
1425 1417 1606 1463 parum
1645 1400 1857 1463 constat,

171 1477 339 1525 omnia
377 1477 441 1525 ad
478 1493 630 1524 unam
670 1493 898 1525 normam
936 1475 1189 1525 reuocaui.
1246 1474 1346 1522 Ubi
1382 1490 1503 1523 uero
1543 1475 1649 1538 sine
1688 1474 1855 1537 graui·

168 1550 264 1598 bus
295 1550 731 1599 immutationibus
764 1550 1099 1614 aequabilitas
1133 1549 1412 1612 scripturae
1442 1548 1644 1597 restitui
1671 1547 1856 1610 potuit,

171 1625 574 1673 uniformitatem
612 1626 756 1688 sequi
793 1641 893 1673 non
931 1624 1142 1688 neglexi,
1179 1623 1232 1671 in
1265 1638 1324 1671 ea
1353 1638 1407 1670 re
1445 1623 1549 1670 fere
1588 1621 1856 1670 obsecutus

166 1698 472 1761 praeceptis,
524 1714 652 1761 quae
707 1700 993 1747 statuerant
1045 1697 1107 1745 H.
1139 1697 1414 1745 Muellerus
1467 1696 1520 1743 in
1570 1699 1855 1744 recensione

166 1772 400 1820 editionis
425 1772 918 1835 Eyssenhardtianae
952 1765 1213 1838 (Zeitschr.
1239 1770 1273 1818 f.
1299 1770 1342 1818 d.
1372 1769 1689 1833 Gymn.WeS.
1712 1771 1851 1818 1871

163 1864 212 1909 p.
246 1848 313 1895 43
342 1839 473 1912 sqq.)
530 1849 580 1894 et
631 1845 694 1895 H.
733 1845 1112 1908 Petschenigius
1168 1838 1397 1910 (Wiener
1449 1842 1660 1892 Studien
1712 1843 1853 1892 1882

163 1938 212 1983 p.
242 1922 343 1969 136
370 1920 518 1983 sqq).
592 1920 668 1967 Ne
716 1920 898 1968 codicis
945 1919 1148 1981 quidem
1194 1918 1247 1965 in
1294 1917 1630 1966 assimilandis
1675 1916 1855 1965 uerbo-

162 2011 278 2042 rum
324 1994 716 2056 compositorum
759 1993 1189 2056 praepositionum
1237 1990 1625 2039 consonantibus
1680 1991 1851 2038 incon-

163 2068 404 2117 stantiam
442 2068 704 2116 emendare
737 2067 931 2128 studui,
970 2082 1032 2114 ne
1070 2065 1247 2113 lectori
1286 2079 1434 2112 suum
1471 2064 1716 2112 iudicium
1754 2063 1849 2112 eri-

161 2144 369 2205 peretur
413 2158 541 2190 neue
588 2158 691 2189 una
736 2158 851 2190 cum
895 2140 1082 2188 zizania
1126 2138 1415 2187 recentioris
1463 2137 1740 2200 scripturae
1794 2139 1846 2185 et

161 2216 319 2264 bonas
356 2216 527 2278 fruges
565 2216 750 2264 ueteris
789 2215 1017 2263 lectionis
1055 2213 1307 2261 reicerem.

277 2288 409 2346 Quin
447 2308 486 2351 φ
526 2306 584 2338 ex
621 2290 661 2337 F
701 2292 831 2338 esset
871 2288 1168 2349 descriptus,
1209 2301 1352 2334 nemo
1392 2284 1554 2332 adhuc
1594 2285 1716 2346 fuit,
1755 2284 1846 2347 qui

166 2363 444 2411 dubitaret:
482 2379 644 2426 neque
684 2364 744 2411 de
784 2380 843 2412 ea
881 2378 934 2410 re
975 2359 1195 2410 dubitari
1231 2359 1372 2422 licet,
1421 2374 1711 2421 quanquam
1757 2358 1851 2406 ali·

165 2439 291 2500 quot
312 2437 435 2486 locis
458 2437 511 2484 in
541 2437 722 2485 ultima
737 2431 779 2504 ¹)
809 2435 1103 2499 praesertim
1133 2436 1277 2496 parte
1304 2433 1466 2495 operis
1498 2433 1630 2481 inter
1661 2432 1849 2481 utrius-

286 2610 330 2665 1)
361 2607 427 2652 Cf.
453 2611 552 2651 243.
572 2611 627 2649 29
659 2607 909 2651 medicinae
925 2606 1174 2662 probemus
1196 2603 1231 2646 F
1263 2603 1513 2647 medicinae
1535 2606 1723 2646 euentus
1739 2614 1851 2658 pro-

170 2668 332 2712 bentwr
348 2684 406 2723 φς
440 2670 537 2710 261.
557 2670 611 2708 21
639 2666 835 2722 cupidus
851 2664 1068 2722 promissi
1089 2663 1124 2705 F
1156 2663 1447 2718 cupidissime
1464 2678 1520 2718 <3⁰3
1554 2665 1654 2704 262.
1673 2664 1726 2703 21
1746 2673 1850 2716 per-

128 2777 132 2782 ·
166 2728 365 2772 humano
382 2726 418 2769 F
438 2725 538 2782 (sed
561 2740 590 2782 p
616 2724 666 2767 in
689 2726 797 2781 135.)
819 2725 1068 2768 inhumano
1085 2739 1141 2778 φ;
1176 2725 1274 2764 262.
1296 2725 1350 2763 27
1375 2721 1568 2765 uirentis
1583 2719 1619 2762 F
1650 2719 1851 2774 florentis

167 2787 228 2840 ῳι
249 2786 442 2831 uirentis
459 2783 538 2841 φῆ
565 2787 732 2826 266.12
759 2783 929 2840 quiesF
955 2783 1049 2826 dies
1066 2780 1125 2836 φ1
1147 2780 1271 2837 quies
1289 2778 1368 2833 <12²3
1398 2783 1567 2822 275.10
1583 2779 1852 2826 committere

166 2845 203 2887 F
229 2846 489 2901 promittere
517 2843 576 2899 φ1
614 2844 879 2886 committere
917 2841 989 2898 φῖ.
1052 2839 1123 2883 Ex
1151 2837 1385 2895 prioribus
1417 2836 1551 2880 libris
1580 2849 1665 2893 pro
1697 2849 1853 2903 exem5

165 2903 259 2960 plis
292 2903 407 2949 sint:
441 2907 482 2946 2.
501 2906 556 2946 20
588 2907 737 2946 exerto
761 2901 796 2943 F
828 2906 980 2945 exorto
1005 2915 1063 2955 φ;
1095 2902 1135 2941 5.
1155 2902 1209 2940 21
1243 2898 1363 2954 qnod
1384 2898 1548 2940 wnctni
1569 2895 1690 2952 qnod
1710 2900 1852 2939 tersui

163 2962 203 3005 F
247 2964 368 3020 quod
397 2962 546 3007 uictni
575 2961 694 3018 qnod
732 2960 885 3004 tonsni
916 2976 973 3015 φ;
1023 2963 1061 3002 7.
1081 2961 1135 3000 26
1166 2957 1347 3001 ronchis
1375 2955 1412 2998 F
1453 2957 1570 2999 ratis
1601 2971 1656 3010 φ;
1705 2958 1775 2997 27.
1793 2955 1850 2996 25
