1916 3132
0 9 103 72 ²⁹²3
127 22 157 31 ·-—
187 0 382 62 >layca-s
412 11 458 22 Ι

171 99 272 151 142
835 105 1058 152 ΠΕΜΠ
1061 104 1145 152 ΤΟ
1148 105 1203 151 Ν

167 235 295 291 ἀλλ’
326 239 454 308 ἐμοί
486 259 546 292 τε
583 243 861 307 σιωπῆσαι
899 240 1170 310 ἀθέμιτον
1197 240 1378 303 ἑστίας
1403 239 1542 310 ὑμῖν
1566 246 1663 312 τῆς
1688 241 1860 313 αὐτῆς

167 326 630 393 κεκοινωνηκότι,
660 328 756 377 σοί
776 343 835 376 τε
861 328 1075 391 γνῶναι
1095 325 1319 388 πάντως
1345 323 1675 393 ἀναγκαῖον.
1715 347 1858 382 ναυ-

166 397 457 476 λοχεῖὶτήν
485 405 698 460 ὁλκάδα
735 406 837 477 τὴν
866 411 1180 461 Φοίνισσαν
1217 408 1858 481 πειρατικὸνψέργαστή-

168 477 318 559 ριονζ
343 489 483 544 κατὰ
512 488 614 561 την
641 491 1140 562 περιπτύσσουσαν
1168 493 1335 562 τῆσδε
1360 498 1457 562 τῆς
1483 493 1659 562 ἄκρας
1684 499 1858 550 πλευ-

168 573 274 642 ραν
296 564 756 645 ὑποκαθήμενον,
785 585 1016 639 σκοποις
1035 574 1348 645 ἀμοιβαδὸν
1367 576 1467 631 τὸν
1487 581 1735 633 ἔκπλουν
1759 585 1858 650 τῆς
1886 599 1906 630 5

166 657 308 722 νεώς
335 659 796 730 ἐπιτηρούμενον.
851 661 956 728 ὅρα
983 658 1051 730 δὴ
1080 663 1206 729 οὐν,
1244 663 1553 731 φυλάττου,
1583 664 1677 717 καὶ
1702 668 1857 733 λογί-

166 747 261 808 ζου
299 748 355 797 τί
390 744 463 797 α“ν
501 746 746 814 ποιοίης·
789 747 894 796 σοῦ
919 746 1029 813 γὰρ
1068 744 1184 814 δή
1151 765 1375 847 ενεκεν,
1415 749 1632 814 μᾶλλον
1658 749 1721 801 δὲ
1745 754 1857 802 θυ-

163 825 367 897 γατρὸς
385 832 483 897 τῆς
503 831 630 897 σῆς,
652 827 714 882 τὸ
737 827 913 892 οὕτως
939 827 1146 930 ἀπηνὲς
1151 810 1348 931 ἔργον,
1375 833 1611 894 ἐκείνοις
1632 833 1693 886 δὲ
1713 833 1858 886 σύν-

164 918 317 980 ηθες,
340 914 719 966 διανοοῦνται.
761 911 913 981 κάγω
937 912 1077 982 πρὸς
1097 912 1290 982 αὐτόν,
1321 916 1382 967 σὲ
1402 916 1524 983 μέν,
1547 918 1712 985 ἔφην,
1730 914 1857 970 ἀντὶ

163 995 382 1049 τούτων
429 998 487 1050 οἱ
528 996 653 1050 θεοὶ
702 996 822 1050 κατ’
863 996 1025 1060 ἀξίαν
1073 996 1430 1065 ἀμείψαιντο·
1494 999 1676 1052 πόθεν
1712 1001 1775 1052 δὲ
1813 1021 1856 1054 ω
1887 1017 1916 1052 ι(

172 1082 430 1150 Τυρρηνὲ
469 1084 814 1150 συνείληφας
850 1080 952 1149 τήν
993 1081 1327 1150 ἐπιβουλήν;
1369 1082 1461 1135 καὶ
1500 1081 1586 1151 ὅς,
1627 1081 1735 1136 ἀπὸ
1761 1086 1858 1154 τῆς

163 1166 383 1234 τέχνης,
414 1167 548 1233 ἔφη,
578 1175 693 1227 τοῖς
718 1163 959 1266 ἀνδράσι
985 1169 1350 1235 γνωρίζομαι,
1379 1168 1489 1219 καὶ
1492 1155 1642 1230 ὄψον
1667 1167 1858 1236 αὐτοῖς

163 1251 753 1319 προσκομίζωνκιτλέον
779 1248 816 1318 ἦ
843 1267 994 1317 παρα
1020 1252 1134 1302 τῶν
1161 1249 1352 1303 ἄλλων
1377 1251 1438 1304 τὸ
1467 1254 1670 1320 τίμημα
1695 1254 1852 1321 κομί-

164 1336 340 1401 ζομαι.
393 1338 460 1403 τῇ
489 1339 796 1403 προτεραία
822 1332 888 1434 δή
919 1334 1167 1403 κύρτους
1158 1311 1579 1406 ἀναλεγομένςο
1612 1356 1706 1404 μοι
1727 1337 1855 1406 περὶ

163 1437 293 1480 τους
324 1438 610 1486 κρημνους
641 1415 890 1486 ἐντυχών
912 1416 940 1471 ὁ
925 1417 1311 1493 λῄσταρχος,
1340 1420 1474 1472 πότε
1502 1418 1613 1489 ἄρα
1641 1420 1701 1471 οι
1715 1424 1902 1474 Φοί-1

163 1521 315 1564 νικες
355 1502 687 1572 ἐξορμήσειν
723 1503 1045 1570 μέλλουσιν,
1088 1508 1143 1555 εἴ
1172 1523 1235 1570 γε
1274 1503 1545 1571 πέπυσαι,
1586 1502 1850 1573 διηρώτα.

162 1583 314 1653 κάγώ
338 1585 551 1648 συνιεὶς
571 1587 675 1655 τὴν
698 1588 936 1653 ἐνέδραν
956 1596 1059 1640 τοῦ
1083 1587 1463 1656 ἐρωτήματος,
1489 1586 1552 1640 τὸ
1570 1588 1673 1656 μὲν
1693 1586 1854 1656 ἀκρι-

111 1690 113 1692 ·
161 1669 281 1737 βές,
311 1672 473 1738 ἔφην,
502 1690 543 1722 ω
580 1674 844 1738 Τραχινε,
885 1669 988 1722 οὐκ
1017 1674 1121 1739 ἔχω
1149 1670 1351 1739 λέγειν,
1383 1673 1459 1734 είς
1484 1674 1583 1740 ἔαρ
1610 1673 1671 1724 δὲ
1697 1675 1850 1740 πρῶ-

163 1773 262 1806 τον
299 1751 542 1823 ἡγοῦμαι
569 1751 778 1815 αὐτοὺς
808 1751 1181 1823 ἀφορμήσειν.
1249 1756 1344 1823 ἀρ’
1372 1755 1506 1824 οὐν,
1535 1758 1669 1824 ἔφη,
1698 1756 1792 1808 και
1815 1754 1849 1824 ἡ

164 1838 301 1907 κόρη
323 1835 514 1900 αὐτοις
532 1835 563 1907 ἡ
585 1837 735 1907 παρὰ
768 1836 856 1890 σοὶ
874 1839 1220 1907 καταγομένη
1251 1837 1687 1907 συμπλεύσεται;
1715 1837 1916 1910 why-2⁰

164 1925 265 1974 λον
303 1921 433 1990 μέν,
476 1919 661 1974 εἷπον·
705 1920 844 1974 ἀλλὰ
884 1925 940 1973 τί
973 1926 1487 1989 πολυπραγμονεῖς;
1539 1921 1622 1975 ὅτι
1659 1921 1848 1992 αὐτῆς,

164 2008 269 2075 ἔφη
282 2046 297 2074 ,
323 2007 433 2075 ἐρῶ
453 2009 729 2075 μανικῶς,
753 2002 896 2069 ἅπαξ
916 2004 1289 2073 θεασάμενος·
1318 2005 1388 2058 ου’
1406 2003 1513 2074 γάρ
1530 2002 1655 2059 οἶδα
1673 2021 1850 2075 προσ-

162 2088 309 2159 τυχώ
373 2092 611 2160 τοιούτω
637 2091 857 2156 κάλλει,
897 2087 1108 2151 πολλάς
1142 2088 1235 2141 καὶ
1259 2092 1434 2142 ταῦτα
1461 2090 1553 2142 καὶ
1580 2089 1684 2142 οὐκ
1713 2088 1848 2153 ἐξιό-

164 2109 699 2243 ρουςίάίχμαλεότους
724 2167 961 2243 ᾑρηκώς.
1001 2171 1356 2241 ὑπαγόμενος
1380 2165 1487 2226 οὖν
1513 2171 1687 2226 αὐτὸν
1706 2172 1850 2227 ὥστε

162 2262 276 2311 πᾶν
302 2256 610 2322 ἀναπτύξαι
636 2257 698 2310 τὸ
723 2258 1037 2326 βούλευμα,
1074 2261 1129 2308 τί
1153 2249 1274 2323 οὖν,
1304 2259 1464 2325 ἔφην,
1505 2258 1595 2310 δεῖ
1615 2270 1677 2309 σε
1705 2271 1849 2325 συμ-
1877 2274 1916 2309 25

164 2342 476 2396 πλέκεσθαι
501 2351 616 2404 τοῖς
638 2340 912 2409 Φοίνιξιν,
942 2339 1084 2392 ἀλλά
1110 2339 1181 2409 μὴ
1207 2338 1478 2409 ἀναιμωτὶ
1503 2341 1597 2393 καὶ
1614 2339 1733 2411 ,πρὸ
1751 2342 1850 2410 τῆς

162 2427 452 2494 θαλάσσης
478 2429 644 2494 ἔχειν,
675 2427 736 2479 ἐκ
753 2428 848 2494 τῆς
867 2426 1046 2486 οἰκίας
1067 2421 1396 2492 ἁρπάσαντα
1415 2428 1513 2493 τῆς
1534 2423 1694 2493 ε’μῆς;
1736 2424 1850 2478 σω’-

163 2515 307 2576 ζεται
333 2510 426 2563 καὶ
452 2509 601 2577 παρα
629 2513 884 2578 λῃσταῖς,
914 2511 1051 2577 ἔφη,
1078 2508 1131 2561 τὶ
1157 2508 1418 2570 συνειδὸς
1443 2509 1536 2560 καὶ
1561 2506 1702 2577 πρὸς
1719 2506 1851 2571 τούς

162 2597 481 2663 γνωρίμους
531 2594 963 2663 φιλάνθρωπον.
1042 2600 1147 2644 σοῦ
1195 2611 1253 2645 τε
1291 2586 1396 2644 οὖν
1434 2593 1724 2660 φείδομαι,
1772 2591 1846 2661 μὴ

162 2679 505 2748 πραγμάτων
532 2678 867 2746 πειραθείης
879 2674 1012 2738 τοὺς
1038 2676 1229 2738 ξένους
1251 2674 1696 2745 ἐπιζητούμενος·
1735 2670 1851 2743 ἐγω
1874 2691 1916 2727 ao

162 2782 222 2816 τε
261 2761 335 2815 δι’
366 2759 490 2824 ενός
525 2765 694 2829 ἔργου
730 2761 832 2837 δύο
870 2782 936 2813 τα
961 2761 1187 2864 μέγιστα
1213 2760 1486 2827 βούλομαι
1512 2759 1843 2860 κτησασθαι,

163 2847 264 2900 τόν
289 2866 348 2899 τε
373 2849 620 2899 πλοῦτον
646 2849 744 2913 τῆς
776 2845 918 2907 νεώς
951 2843 1044 2898 καὶ
1080 2842 1177 2897 τὸν
1203 2843 1384 2910 γάμον
1409 2847 1507 2911 τῆς
1531 2843 1726 2911 κόρης,
1765 2860 1847 2896 ων
