1916 3132
106 2698 114 2715 Y

0 2727 64 2777 32(
106 2717 120 2751 Ῐ

121 2410 186 2462 12

194 0 205 6 ·
256 0 306 33 „27
464 0 483 22 l
512 0 532 13 r
564 0 573 4 ⁷

206 156 312 210 236
913 161 1201 211 ΟΓΔΟΟΝ

208 298 397 367 δῶρον
421 298 526 365 μὲν
551 295 704 367 παρὰ
730 296 940 367 πατρὸς
959 296 1172 368 τούμοῦ
1192 319 1259 370 τῃ
1238 298 1446 370 μητρὶ
1465 299 1616 370 παρὰ
1634 301 1742 372 τὴν
1759 323 1904 374 μνη-

208 386 400 436 στείαν
449 384 666 473 ὃοθείς,
716 386 862 435 λίθω
909 384 970 437 δὲ
1008 387 1074 454 τῇ
1112 387 1431 455 καλουμένῃ
1437 378 1788 457 πανταρβῆ
1799 407 1903 457 την

208 467 534 535 σφενδόνην
521 437 837 570 διάδετοζ,
871 467 1156 538 γράμμασι
1198 469 1259 521 δὲ
1286 470 1456 539 ἱεροῖς
1481 471 1628 523 τισὶν
1653 469 1903 542 ἀνάγρα-

207 570 358 619 πτος,
399 549 493 604 καὶ
518 555 758 621 τελετῆς,
797 573 870 615 ως
895 554 1060 620 ἔοικε,
1088 555 1376 622 θειοτέρας
1401 553 1726 624 ἀνάμεστος,
1764 554 1900 625 παρ’

205 630 271 707 ἧς
297 635 490 700 εἰκάζω
519 637 764 738 ᾂύναμ-ίν
789 657 915 690 τινα
940 635 1101 707 ἥκειν
1126 641 1192 708 τῇ
1226 641 1372 691 λίθω
1407 658 1446 691 π
1429 659 1606 721 Γ*ρος
1609 642 1902 713 φυγαδευ-

206 720 394 789 τικήν,
442 720 726 775 ἀπάθειαν
762 731 878 783 τοῖς
916 724 1143 790 ἔχουσιν
1180 723 1243 776 ἐν
1281 742 1400 786 ταις
1353 724 1753 793 ‘'*qoaoym'aem
1790 725 1902 778 δω-

207 806 510 877 ρουμένην,
537 805 576 875 ἡ
600 806 739 874 κάμὲ
765 804 938 875 τυχὸν
965 805 1073 860 σὺν
1097 809 1368 876 βουλήσει
1393 812 1550 861 θεῶν
1578 811 1899 876 περιέσωσε.

205 894 381 944 ταῦτα
420 889 474 942 δ’
505 893 610 959 ἔχω
648 892 742 943 καὶ
780 890 1128 959 συμβάλλειν
1175 892 1270 944 καὶ
1301 892 1602 959 γινώσκειν
1642 892 1697 957 ἐξ,
1746 887 1830 947 ὦν
1868 894 1898 947 ὁ

204 974 497 1036 θειότατός
520 995 614 1044 μοι
640 975 947 1042 Καλάσιρις
973 973 1270 1028 ὑπετίθετο
1294 975 1583 1043 πολλάκις,
1611 981 1788 1030 ταῦτα
1806 979 1900 1032 καὶ

206 1062 519 1129 φράζεσθαι
546 1061 639 1113 και
667 1059 1064 1126 έκδεὸιὸάχθαι
1092 1058 1232 1127 πρὸς
1256 1063 1371 1112 τῶν
1399 1061 1806 1130 ε’νεστιγμένων
1830 1067 1916 1134 τῇ·

205 1147 609 1214 συνεκτεθείσῃ
648 1163 744 1212 μοι
788 1147 1000 1213 ταινία,
1050 1141 1184 1197 νυνὶ
1232 1145 1294 1196 δὲ
1342 1143 1481 1198 κατὰ
1519 1147 1775 1222 γαστέρα
1798 1147 1902 1218 τὴν

207 1228 350 1301 εμὴν
387 1229 733 1302 ένειλημένῃ,
773 1228 1174 1297 διηγούμενος.
1170 1221 1406 1313 stafiva
1442 1229 1546 1298 μὲν
1583 1231 1768 1285 εἰκότα
1806 1232 1900 1286 καὶ

204 1311 339 1367 όντα
377 1315 550 1366 πλέον
589 1313 681 1365 καὶ
718 1321 834 1374 τοις
870 1309 1248 1380 ὑπηργμένοις
1282 1316 1684 1398 συμβαίνοντα,
1723 1319 1831 1385 ἔφη
1871 1314 1900 1370 ὁ

206 1399 510 1467 Θεαγένης·
551 1398 614 1451 ἐκ
642 1398 703 1451 δὲ
729 1418 843 1450 των
871 1400 950 1459 εἰς
985 1394 1186 1465 αὔριον
1213 1383 1499 1451 κινδύνων
1525 1402 1658 1452 ποία
1682 1419 1766 1462 τις
1791 1397 1899 1470 ἄρα

161 1534 185 1563 A
161 1471 507 1561 παντάρβη
502 1471 662 1583 ἄλλη
686 1483 1059 1551 ἐξαιρήσεται;
1089 1481 1159 1536 οὐ
1179 1482 1286 1552 γάρ
1309 1500 1419 1535 που
1441 1481 1534 1536 καὶ
1555 1483 1916 1553 ἀθανασίαν,η·

203 1587 277 1630 ως
303 1566 493 1636 ὄφελε,
521 1566 661 1619 κατά
689 1566 791 1635 τὴν
817 1565 956 1635 πρὸς
981 1565 1080 1631 τὰς
1105 1565 1384 1635 πυρκαϊὰς
1403 1565 1779 1622 ἀντιπάθειαν
1798 1568 1895 1622 έπ-

205 1654 551 1719 αγγέλλεται,
591 1654 687 1719 τῆς
725 1649 1033 1720 ἀλάστορος
1058 1650 1351 1744 Ἀρσάκης,
1391 1673 1465 1714 ως
1503 1652 1738 1718 εἰκάζειν
1773 1656 1896 1708 ἔνεὈ

205 1750 348 1802 στιν,
386 1734 579 1798 ε’τερόν
616 1754 728 1786 που
766 1737 858 1787 καὶ
903 1738 1234 1836 καινότερον
1250 1712 1535 1806 τιμωρίας
1580 1739 1793 1806 τρόπον
1828 1737 1896 1791 τά

203 1824 314 1873 νῦν
342 1818 698 1888 ἐπινοούσης.
761 1839 854 1872 και
882 1825 1003 1873 εἰθε
1029 1840 1092 1888 γε
1129 1819 1243 1888 άμα
1280 1821 1404 1874 κατ’
1431 1820 1767 1891 ἀμφοτέρων
1805 1824 1896 1874 καὶ

203 1893 458 1957 θάνατον
496 1902 594 1955 ε’να
634 1903 727 1955 καὶ
768 1904 831 1956 έν
869 1897 986 1975 ω’ρα
1023 1908 1121 1973 μιᾷ
1169 1905 1614 1974 καταδικάσειεν,
1653 1927 1729 1969 ως
1765 1904 1916 1962 ούὸὲς

202 1985 472 2056 τελευτὴν
508 2007 582 2040 αν
618 1990 784 2040 τοῦτο
825 1989 1054 2057 ἐθέμην,
1095 1986 1235 2040 ἀλλα
1271 1988 1502 2040 πάντων
1527 2010 1717 2043 κακων
1755 1988 1916 2053 ἀνάψ.

203 2076 444 2128 παυλαν.
521 2072 614 2124 και
658 2070 690 2140 ἡ
723 2075 1062 2173 Χαρίκλεια,
1112 2073 1334 2140 θάρσει,
1385 2074 1513 2141 ἔφη·
1552 2074 1896 2144 παντάρβην

202 2155 399 2224 ἑτέραν
437 2132 636 2224 έχομεν
672 2176 740 2209 τα
777 2157 1214 2225 μεμαντευμένα.
1279 2154 1372 2208 καὶ
1402 2162 1559 2220 θεοῖς
1590 2157 1895 2227 ἐπανέχον-

202 2260 292 2303 τες
318 2242 631 2311 σωζοὶμεθά
658 2260 717 2294 τε
743 2240 815 2293 ἄν
839 2240 1024 2309 ἥδιον,
1065 2239 1157 2293 καὶ
1184 2243 1236 2294 εἰ
1270 2242 1403 2309 δέοι,
1443 2240 1750 2311 πάσχοιμεν
1776 2241 1896 2296 ὁσι·

201 2324 430 2393 ω’τερον.

312 2410 469 2462 οὑτοι
506 2411 610 2478 μὲν
649 2409 716 2478 δή
756 2414 932 2462 ταῦτα
979 2407 1468 2478 ἀναθεωροῦντες,
1515 2411 1608 2462 καὶ
1645 2414 1755 2463 νῦν
1790 2411 1914 2479 μὲν

203 2497 554 2563 θρηνοῦντες
602 2494 694 2545 καὶ
735 2495 907 2546 πλέον
954 2491 1226 2546 ἀνιασθαι
1273 2495 1366 2546 και
1403 2492 1653 2587 ἀγωνιᾶν
1700 2513 1895 2562 ατερος

204 2574 346 2646 ὑπερ
384 2577 630 2643 θατέρου
670 2577 1087 2645 διεγγυωμενοι,
1126 2581 1237 2630 νῦν
1263 2578 1323 2630 δε
1362 2574 1427 2630 τά
1461 2581 1751 2631 τελευταῖα
1789 2576 1892 2631 ἆλ-

202 2663 394 2731 λη’λοις
421 2662 873 2764 ἐπισκήπτοντες,
902 2661 995 2714 καὶ
1033 2683 1107 2724 ως
1125 2663 1282 2731 μέχρι
1307 2661 1565 2715 θανάτου
1603 2662 1788 2714 πιστοὶ
1824 2661 1892 2715 τὰ

205 2743 463 2815 ἐρωτικὰ
462 2746 607 2812 πρὸς
633 2743 912 2812 ἀλλήλους
949 2740 1187 2800 ἔσονται
1207 2746 1382 2808 θεούς
1418 2765 1477 2799 τε
1514 2746 1607 2798 καὶ
1643 2744 1742 2807 τοὶς
1777 2762 1916 2805 πα-ς·

203 2831 412 2898 ρούσας
447 2830 615 2898 τύχας
631 2828 1005 2898 έπομνύντες,
1046 2829 1191 2883 οὕτω
1229 2831 1450 2898 διῆγον·
1492 2828 1520 2882 ὁ
1556 2831 1617 2884 δε
1656 2832 1916 2907 Βαγώας

201 2917 295 2968 καὶ
323 2919 380 2968 οἱ
403 2913 512 2968 σύν
539 2905 690 2966 αΰτω
717 2913 1067 2987 πεντήκοντα
1107 2915 1289 2976 ἱππεῖς
1324 2916 1572 2978 νυκτὸς’
1552 2917 1631 2967 ε’τι
1655 2917 1916 2982 βαθείας
