1916 3132
6 0 59 110 „Q

756 166 851 211 ΔΕ
860 165 1138 214 YTEPON
1727 165 1796 217 53

94 302 360 359 ἁπάντων
386 299 527 372 πρὸς
562 298 668 371 τὴν
707 301 761 365 ,ἐξ
798 299 972 372 ἀρχῆς
998 301 1145 372 βοήν
1170 305 1268 372 τῆς
1294 306 1632 373 Χαρικλείας
1658 302 1809 373 ἀφυ-

95 390 425 460 πνισμένος’
468 385 588 456 ἐμοὶ
626 383 735 454 γὰρ
776 386 918 458 ἄλλῃ
957 407 1034 458 πῃ
1075 390 1395 456 φράζεσθαι
1432 386 1495 440 τὸ
1535 387 1677 458 ὄναρ
1705 408 1808 442 κα-

93 476 437 542 ταφαίνεται.
498 470 590 524 καὶ
619 476 734 539 εἴγε
761 486 851 525 σοι
879 473 1112 540 πατέρες
1141 474 1303 541 εἰσίν,
1332 470 1655 542 ἀπόκριναι.
1711 477 1809 542 τῆς

96 559 158 612 δὲ
187 555 573 628 ὁμολογούσης
598 555 776 624 καὶ,εἰ’
794 575 930 611 ποτε
955 550 1434 626 ἧσαν”εἰπούσης,
1465 555 1681 611 οὐκοῦν
1707 556 1809 610 τὸν

46 661 67 696 ⁵
95 643 307 710 πατέρα
333 655 422 696 σοι
447 642 784 711 τεθνηκέναι
810 645 999 712 νόμιζε
1026 644 1199 710 ἔλεγε.
1240 645 1406 695 τοῦτο
1434 643 1496 696 δὲ
1525 634 1636 695 ὦδε
1664 657 1810 712 συμ-

93 726 301 797 βάλλω.
367 731 471 780 τοῦ
497 729 806 796 προελθεῖν
836 729 913 790 εἰς
941 726 1041 780 τὸν
1068 728 1204 798 τῇδε
1230 729 1359 796 βίον
1388 727 1482 779 καὶ
1507 728 1678 780 τοῦδε
1704 735 1808 780 τοῦ

94 809 280 880 φωτὸς
305 814 640 881 μεταλαβεῖν
666 810 796 873 τοὺς
823 813 1041 880 φύντας
1068 818 1232 881 ἴσμεν
1268 813 1510 881 αἰτίους,
1548 810 1690 865 ὥστε
1729 814 1809 864 εἰ-

94 896 271 960 κότως
311 897 402 951 ἐπὶ
441 898 650 966 πατέρα
690 897 782 949 καὶ
821 897 1030 966 μητέρα
1068 896 1171 967 τὴν
1212 895 1476 967 ὀμμάτων
1517 900 1807 966 συζυγίαν,

95 980 172 1044 ὥς
207 981 282 1035 o'c'v
320 978 605 1050 φωτεινὴν
656 986 925 1051 αἴσθησιν
973 979 1066 1035 καὶ
1116 979 1340 1051 ὁρατῶν
1386 980 1702 1051 ὑπουργόν,
1757 983 1816 1035 οἱ

29 1087 70 1122 10
101 1063 311 1135 ὄνειροι
337 1069 678 1135 σοφίζονται.
729 1066 878 1135 βαρὺ
903 1069 1025 1137 μέν,
1056 1070 1192 1138 ἔφη,
1222 1066 1314 1120 καὶ
1340 1071 1535 1135 τοῦτο,
1565 1064 1598 1136 ἡ
1627 1070 1812 1136 Χαρί-

98 1155 279 1204 κλεια·
323 1149 473 1221 πλὴν
512 1150 640 1203 ἀλλ’
672 1154 810 1204 ἔστω
850 1171 912 1220 γε
951 1150 1160 1222 ἀληθὲς
1198 1156 1415 1222 μᾶλλον
1441 1151 1477 1222 ἢ
1503 1149 1566 1205 τὸ
1594 1150 1807 1222 ἕτερον,

98 1236 190 1290 καὶ
217 1235 502 1306 νικήσειεν
529 1234 558 1289 6
587 1235 738 1303 παρὰ
768 1238 856 1288 σοὶ
883 1240 1145 1306 τρίπους,
1186 1236 1293 1305 ἐγώ
1331 1238 1393 1290 δὲ
1431 1236 1811 1307 ψευδόμαντις

98 1321 514 1390 ἀποφανθείην.
566 1324 744 1374 ταῦτα
769 1321 874 1389 μὲν
901 1319 1078 1384 οὕτως
1105 1324 1286 1389 ἔσται,
1324 1323 1417 1374 καὶ
1443 1320 1546 1390 χρή
1578 1324 1811 1376 πιστεύ-

100 1426 204 1475 ειν,
245 1408 439 1474 ἔλεγεν
478 1402 507 1460 6
535 1408 813 1475 Κνήμων·
866 1404 1024 1475 ἡμεῖς
1062 1407 1123 1459 δὲ
1163 1404 1519 1476 ὀνειρώττειν
1558 1404 1631 1469 ὥς
1669 1407 1811 1476 ἀλη-

15 1510 70 1544 ·15
97 1493 217 1554 θοός
254 1490 536 1560 ἐοίκαμεν,
580 1491 819 1544 ἐνύπνια
848 1492 952 1560 μὲν
980 1493 1071 1544 καὶ
1103 1495 1417 1561 φαντασίας
1445 1491 1809 1562 ἐξετάζοντες,

99 1579 212 1629 τῶν
251 1576 313 1630 δὲ
353 1572 487 1628 καθ’
521 1574 758 1639 ἑαυτούς
796 1579 1130 1646 περίσκεψιν
1169 1573 1287 1629 οὐδ’
1323 1574 1631 1646 ἡντιναοῦν
1669 1596 1813 1645 προ-

100 1662 379 1727 τιθέντες,
419 1661 512 1713 καὶ
551 1663 724 1713 ταῦτα
752 1660 855 1723 ἕως
882 1660 1080 1728 ἔξεστι,
1122 1664 1225 1715 τοῦ
1251 1663 1572 1730 Αἰγυπτίου
1605 1661 1812 1715 τούτου

103 1747 281 1813 (ἔλεγε
321 1745 383 1797 δὲ
420 1742 523 1798 τὸν
551 1746 902 1816 Θέρμουθιν)
944 1744 1400 1816 ἀπολειπομένου
1439 1748 1533 1799 καὶ
1572 1744 1814 1815 νεκρούς

104 1831 312 1898 ἔρωτας
349 1829 801 1892 ἀναπλάττοντος
840 1830 932 1883 καὶ
970 1836 1343 1902 θρηνοῦντος.

31 1932 73 1965 20
210 1911 518 1982 ὑπολαβών
557 1908 663 1967 οὖν
702 1913 731 1967 6
773 1916 1079 1986 Θεαγένης,
1122 1915 1250 1968 ἀλλ’
1278 1908 1322 1970 ὦ
1362 1918 1629 1987 Κνήμων,
1678 1919 1806 1987 ἔφη,
1832 1919 1895 1972 17

106 1998 301 2067 ἐπειδή
339 2012 402 2051 σε
438 2002 594 2052 θεῶν
629 2020 712 2063 τις
747 1997 882 2070 ἡμῖν
920 2004 1142 2071 συνῆψε
1181 1999 1272 2054 καὶ
1311 2004 1671 2071 συνέμπορον
1697 2004 1812 2055 τῶν

103 2083 549 2152 δυστυχημάτων
575 2087 899 2154 πεποίηκεν,
940 2083 1074 2155 ἄρχε
1100 2087 1335 2157 βουλῆς·
1377 2088 1568 2140 τόπων
1606 2106 1665 2139 τε
1703 2088 1810 2156 γὰρ
1834 2151 1851 2162 ὁ

102 2172 216 2220 τῶν
242 2169 375 2237 τῇδε
402 2168 495 2220 καὶ
522 2160 746 2236 φωνῶτῗ
761 2172 1048 2239 ἔμπειρος,
1088 2172 1181 2224 καὶ
1213 2171 1398 2235 ἄλλως
1432 2170 1589 2242 ἡμεῖς
1626 2171 1812 2225 νωθέ-
1852 2159 1916 2213 ’Ῑ’“

105 2266 292 2321 στεροι
315 2252 572 2305 συνιέναι
598 2251 660 2305 τὸ
688 2255 836 2322 δέον,
875 2258 1094 2309 πλείονι
1133 2256 1386 2310 κλύδωνι
1415 2260 1607 2311 κακῶν
1633 2259 1810 2325 βεβυ-

37 2354 79 2387 25
107 2338 387 2406 θισμένοι.
440 2338 645 2407 μικρὸν
673 2331 779 2391 οὖν
807 2339 1108 2409 ἐπιστήσας
1135 2338 1164 2394 6
1190 2341 1439 2411 Κνήμων
1467 2342 1654 2396 τοιάδε
1683 2344 1807 2410 ἔφη.

104 2424 296 2474 κακῶν
321 2423 423 2491 μὲν
451 2415 496 2476 ὦ
520 2424 794 2492 Θεάγενες
819 2422 1035 2493 ἄδηλον
1063 2423 1215 2489 ὅστις
1242 2430 1590 2480 πλεονεκτεῖ·
1621 2425 1811 2494 ἀφθό-

103 2524 216 2568 νως
251 2503 360 2575 γὰρ
399 2506 561 2577 κάμοὶ
603 2513 718 2562 τῶν
758 2513 1074 2577 συμφορῶν
1113 2508 1140 2562 ὁ
1183 2512 1400 2580 δαίμων
1429 2510 1808 2580 ε’πήντλησεν·

106 2585 296 2659 ἐπειδὴ
339 2592 399 2644 δὲ
438 2590 504 2645 τά
542 2593 928 2662 παριστάμενα
967 2593 1042 2657 ὦς
1082 2595 1504 2666 προγενεστέρςο
1555 2595 1813 2649 κελεύετε

104 2673 308 2742 λέγειν,
350 2673 514 2745 ἡμὲν
541 2681 713 2746 νῆσος
737 2677 858 2748 ἥδε,
898 2676 975 2743 αἷς
1011 2677 1196 2747 ὁρᾶτε,
1239 2683 1467 2750 ἔρημος,
1507 2681 1597 2732 καὶ
1639 2682 1815 2732 πλέον

26 2773 76 2821 ¹30
104 2756 266 2827 ἡμῶν
301 2758 486 2814 οὐδέν.
543 2763 636 2815 καὶ
673 2767 889 2831 χρυσοῦ
913 2764 1018 2832 μὲν
1045 2767 1140 2818 καὶ
1167 2763 1423 2833 ἀργύρου
1451 2766 1542 2816 καὶ
1573 2764 1816 2831 ἐσθῆτος

105 2841 357 2911 ἀφθονία
386 2847 589 2912 (πολλὰ
615 2846 724 2915 γάρ
751 2848 884 2900 τάδε
911 2844 947 2900 ὁὶ
971 2848 1111 2902 κατά
1138 2848 1200 2902 τὸ
1238 2848 1513 2918 σπήλαιον
1552 2845 1711 2914 ὑμῶν
1749 2867 1808 2900 τε

107 2925 445 3000 ἀφελόμενοι
483 2928 671 2983 ἄλλων
708 2951 767 2985 τε
806 2930 1268 3002 ἀποσυλήσαντες
1307 2931 1335 2986 6
1374 2932 1590 2999 Θύαμις
1627 2931 1718 2983 καὶ
1759 2932 1819 2982 οῖ

1494 3028 1528 3054 Q
