1916 3132
129 111 198 163 66
793 115 886 160 ΔΕ
894 114 1173 161 ΥΤΕΡΟΝ

237 248 467 320 ἄριστα,
505 252 639 319 ἔφη,
674 250 877 317 λέγεις,
915 249 944 301 6
970 249 1238 318 Κνήμων,
1277 251 1369 302 καὶ
1396 246 1470 312 ῶς
1494 249 1568 302 ἄν
1593 269 1675 312 τις
1702 250 1824 304 ἐπι-

131 337 329 398 πνοίας
365 332 441 397 ῶς
485 333 712 431 ἀληθῶς
746 338 1012 402 Πυθικῆς
1057 334 1463 434 ἐπῃσθημένος.
1547 334 1679 404 τῇδε
1714 333 1825 404 γάρ

131 437 208 490 πῃ
242 417 337 472 καὶ
378 417 407 472 ὁ
446 417 627 487 πατήρ
667 437 763 486 μοι
787 417 1000 479 θέσεως
1025 419 1173 486 ἔχειν
1198 415 1330 480 τούς
1354 416 1624 486 Δελφοὺς
1648 419 1824 488 ἔφρα-

133 507 250 572 ζεν,
291 501 382 556 ὅτε
417 500 590 555 αὐτὸν
629 502 1022 603 ἱερομνήμονα
1047 499 1081 570 ἡ
1109 501 1270 564 πόλις
1300 499 1618 570 Ἀθηναίων
1643 504 1826 556 ἔστει-

133 593 248 644 λεν.
305 585 599 656 Ἀθηναῖος
636 584 747 656 ἄρα
783 577 938 654 ἦσθα
977 606 1019 639 ω
1060 595 1186 650 παῖς
1226 587 1321 639 ναὶ
1359 588 1482 655 ἔφη.
1545 584 1722 656 ὄνομα
1760 586 1822 640 δὲ
1852 604 1875 636 5

131 675 242 735 τίς;
280 668 545 740 Κνήμων,
574 668 932 740 ἀπεκρίνατο.
995 672 1135 740 τύχῃ
1171 672 1283 723 τίνι
1309 670 1670 740 κεχρημένος;
1712 671 1828 724 εἰσ-

136 761 332 824 αῦθις,
374 758 512 825 ἔφη,
554 754 798 824 ἀκούσῃ·
852 757 962 806 νῦν
1000 754 1060 808 δὲ
1099 757 1231 823 ἔχου
1267 758 1383 808 τῶν
1420 753 1558 824 ἑξῆς.

242 840 458 910 ἕξομαι,
486 842 613 908 ἔφη,
641 840 734 891 καὶ
763 836 1030 908 ἐπανῄειν
1057 837 1198 907 πρὸς
1223 838 1329 907 τὴν
1354 838 1539 892 πόλιν.
1601 838 1830 893 ἐπαινέ-

138 940 238 987 σας
277 916 382 977 οὖν
430 923 543 976 τῶν
590 942 650 976 τε
698 921 926 991 δρόμων
975 923 1067 975 καὶ
1106 921 1329 992 ἀγορῶν
1366 923 1459 977 καὶ
1496 926 1729 992 κρηνῶν
1765 922 1830 976 τὸ

137 1008 306 1078 ἄστυ,
347 1009 440 1061 καὶ
478 1010 804 1061 Κασταλίαν
842 1004 1046 1075 αὐτήν,
1094 1003 1168 1076 ἣν
1213 1006 1280 1075 δή
1323 1008 1418 1060 καὶ
1455 1006 1828 1076 περιρραντή-
1861 1024 1902 1058 10

142 1098 284 1164 ριον’”
306 1093 671 1162 ἐποιησάμην,
714 1089 805 1145 ἐπὶ
841 1089 939 1144 τὸν
977 1090 1123 1145 νεών
1150 1092 1454 1145 ἔσπευδον·
1509 1093 1603 1144 καὶ
1627 1091 1737 1160 γάρ
1762 1110 1831 1160 με

137 1180 231 1231 καὶ
257 1182 440 1247 θροῦς
465 1181 580 1229 τῶν
605 1179 834 1228 πολλῶν
860 1173 1267 1246 ἀνεπτέρωσεν,
1297 1174 1452 1245 ῶραν
1483 1171 1629 1230 εἶναι
1653 1185 1832 1229 κινεῖ-

139 1267 276 1315 σθαι
300 1260 404 1330 τὴν
429 1262 761 1330 θεοπρόπον
787 1259 1060 1328 λέγοντες.
1111 1259 1233 1314 ἐπεὶ
1260 1259 1322 1312 δὲ
1349 1257 1626 1312 εἰσελθών
1650 1275 1830 1330 προσ-

141 1349 389 1400 εκύνουν
427 1346 521 1397 καί
558 1365 611 1397 τι
651 1347 744 1397 καὶ
782 1342 907 1396 κατ’
953 1342 1198 1412 ἐμαυτὸν
1235 1341 1508 1413 ηὐχόμην,
1549 1341 1832 1412 ἀνεφθέγ-

140 1432 268 1495 ξατο
306 1428 339 1499 ἡ
379 1432 577 1482 Πυθία
613 1430 819 1482 τοιάδε.
1864 1445 1903 1478 15

393 1535 520 1590 ἴχνος
546 1529 817 1590 ἀειράμενος
842 1528 926 1576 ἀπ’
955 1522 1203 1589 ἐυστάχυος
1227 1528 1354 1589 παρὰ
1379 1534 1577 1590 Νείλου,

479 1596 669 1660 φεύγεις
694 1599 901 1661 μοιράων
926 1599 1091 1660 νήματ’
1119 1600 1407 1660 ἐρισθενέων.

393 1672 602 1719 τέτλαθι’
654 1673 728 1717 σοὶ
754 1670 842 1731 γὰρ
867 1669 953 1730 ἐγὼ
980 1671 1305 1724 κυαναύλοικος
1330 1669 1580 1730 Αἰγύπτοιο

479 1742 603 1801 αἶψα
626 1743 767 1789 πέδον
793 1741 941 1792 δώσω.
991 1745 1078 1788 νῦν
1103 1739 1146 1788 δ’
1174 1739 1278 1800 ἐμὸς
1303 1742 1404 1788 ἕσσο
1431 1746 1576 1800 φίλος.

56 1856 122 1908 27
251 1854 426 1904 ταῦτα
463 1848 535 1914 ὥς
572 1851 887 1919 ἐθέσπισεν,
925 1850 1033 1920 ἐγώ
1068 1851 1172 1918 μὲν
1208 1846 1450 1918 ἐμαυτὸν
1490 1849 1581 1902 ἐπὶ
1606 1848 1833 1918 πρόσω-
1862 1865 1906 1898 20

145 1954 254 1989 πον
291 1944 407 1997 τοῖς
431 1938 640 2004 βωμοῖς
679 1923 979 2004 ἐπιβαλών
1002 1936 1173 1988 ’ἵλεων
1211 1930 1354 1986 εἶναι
1393 1932 1458 1985 τοὶ
1498 1933 1680 1986 πάντα
1717 1933 1834 1986 ι”κέ-

144 2039 331 2088 τευον,
371 2018 400 2071 6
437 2020 499 2072 δὲ
537 2018 712 2082 πολὺς
737 2022 850 2072 τῶν
875 2020 1263 2087 περιεστώτων
1289 2015 1479 2085 ὅμιλος
1504 2015 1832 2085 ἀνευφήμη-

146 2118 254 2156 σαν
290 2103 390 2156 τὸν
426 2101 568 2157 θεὸν
604 2106 700 2173 τῆς
739 2102 830 2156 ἐπ’
857 2104 980 2173 ἐμοὶ
1014 2103 1165 2172 παρὰ
1202 2100 1306 2171 τὴν
1330 2101 1558 2170 πρώτην
1584 2102 1834 2164 ἔντευξιν

146 2190 516 2256 προφητείας,
559 2187 655 2256 ἐμὲ
693 2188 754 2241 δὲ
795 2189 1127 2257 ἐμακάριζον
1164 2188 1258 2240 καὶ
1283 2194 1576 2256 περιεῖπον
1600 2183 1700 2238 τὸν
1739 2183 1834 2237 ἐν-

146 2275 353 2324 τεῦθεν
390 2274 693 2340 παντοίως,
743 2275 914 2341 φίλον
954 2271 1116 2341 ἥκειν
1164 2291 1232 2339 με
1268 2273 1346 2341 τῷ
1380 2272 1498 2339 θεῷ
1533 2268 1671 2339 μετὰ
1709 2271 1830 2322 Λυ-
1861 2282 1905 2316 25

147 2355 395 2424 κοῦργόν
445 2376 571 2409 τινα
610 2358 973 2426 Σπαρτιάτην
1020 2359 1290 2424 λέγοντες.
1364 2354 1458 2407 καὶ
1497 2354 1737 2406 ἐνοικεῖν
1774 2369 1834 2405 τε

147 2440 499 2508 βουλόμενον
525 2443 600 2510 τῷ
627 2442 841 2510 τεμένει
865 2445 968 2494 τοῦ
994 2438 1104 2493 νεώ
1133 2437 1518 2507 συνεχώρουν,
1554 2437 1649 2488 καὶ
1673 2451 1833 2504 σιτη-

150 2523 354 2590 ρέσιον
367 2524 430 2577 ἐκ
455 2528 557 2577 τοῦ
584 2527 857 2593 δημοσίου
883 2526 1145 2593 παρέχειν
1173 2524 1541 2591 ἐψηφίσαντο,
1573 2522 1834 2586 καῂσυν-

151 2607 335 2660 ελόντι
361 2607 555 2675 λέγειν
571 2607 807 2709 ἀγαθῶν
841 2607 1111 2661 ἀπέλιπεν
1144 2605 1329 2662 οὐδέν.
1386 2600 1421 2704 η’
1455 2603 1562 2672 γὰρ
1589 2601 1728 2672 πρὸς
1753 2603 1831 2655 ἰε-

152 2699 271 2761 ροῖς
306 2682 405 2759 ἧν,
451 2689 488 2793 η’
525 2691 662 2761 πρὸς
699 2695 925 2754 θυσίαις
964 2693 1329 2760 ἐξηταζόμην,
1378 2685 1444 2750 ἂς
1491 2685 1703 2750 πολλοὶς
1738 2684 1833 2739 καὶ
1861 2700 1905 2734 30

152 2777 419 2838 παντοίας
443 2773 552 2828 ἀνὰ
577 2780 766 2828 πᾶσαν
784 2774 998 2845 ἡμέραν
1024 2775 1179 2839 ξένος
1203 2793 1262 2826 τε
1287 2774 1379 2825 καὶ
1407 2771 1672 2840 ἐγχώριος
1695 2766 1834 2831 λεως

151 2864 228 2930 τῷ
265 2863 381 2929 θεῷ
421 2858 768 2928 χαριζόμενοι
806 2860 1046 2933 δρῶσιν,
1093 2854 1131 2927 ἦ
1169 2859 1546 2927 φιλοσοφοῦσι
1583 2854 1832 2920 διελεγό-
