1916 3132
172 106 277 157 232
886 106 1172 170 οΓΛοοΝ

176 241 279 298 οὐκ
318 242 575 313 ἀνιέσαν,
615 242 740 297 ἀλλ’
785 244 1063 298 ἐνέκειντο
1102 246 1293 314 πλέον,
1344 243 1437 298 καὶ
1474 249 1573 314 τῆς
1603 236 1882 317 Ἀρσάκης(
1911 247 1916 250 ”

172 330 450 398 νεύμασιν
477 327 855 399 ἀπειλητικοῖς
883 330 1336 400 ἐγκελευομένης,
1373 331 1513 393 ξύλα
1548 349 1607 383 τε
1633 329 1866 402 ἐπιφορ-

173 417 413 480 τίζοντες
451 414 543 466 καὶ
569 412 671 483 τὴν
709 418 989 482 ποταμίαν
1024 415 1280 484 καλάμην
1309 413 1750 483 ἐπισωρεύοντες
1773 417 1867 469 καὶ

173 503 452 561 παντοίως
476 497 579 568 τὴν
606 501 792 599 φλόγα
824 500 1183 602 ἐρεθίζοντες.
1236 496 1321 574 ώς
1347 499 1408 552 δὲ
1433 496 1636 568 ἠνύετο
1675 499 1866 569 οὐδέν,

173 586 254 637 ἔτι
280 582 373 636 καὶ
411 585 582 637 πλέον
607 582 640 653 ἡ
669 583 828 647 πόλις
856 583 1243 654 ἐκτετάρακτο,
1273 582 1365 636 καὶ
1392 585 1691 683 δαιμονίαν
1717 581 1866 638 εἶναι
1900 605 1916 639 ι

171 669 276 736 τὴν
317 669 650 736 ἐπικουρίαν
690 670 982 734 εἰκάζουσα
1020 668 1322 774 Νκαθαρὸν
1354 668 1417 744 τὸ
1452 669 1731 750 γύναιον”
1760 667 1866 723 ἀν-

177 754 329 822 εβόα,
370 751 666 807 ((ἀναίτιον
703 751 765 807 τὸ
803 754 1106 824 γύναιον,”
1145 752 1238 807 καὶ
1275 746 1607 821 προσιόντες
1637 751 1745 808 ἀπὸ
1771 758 1869 824 τῆς

172 841 358 906 πυρᾶς
395 833 747 907 ἀπεσόβουν,
795 843 898 891 τοῦ
940 839 1224 909 Θυάμιδος
1272 838 1601 908 ἐξάρχοντος
1638 840 1732 892 καὶ
1767 837 1868 893 τὸν

177 923 358 991 δῆμον
396 924 474 986 εἰς
511 922 613 992 τὴν
650 924 927 992 βοήθειαν
950 924 1426 992 ἐπιρρωννύντος·
1475 921 1582 992 ἤδη
1614 923 1725 992 γὰρ
1762 921 1868 977 κά-

172 1016 358 1068 κεῖνος
384 1009 759 1076 παραγεγόνει
799 1012 896 1077 τῆς
924 1009 1162 1076 ἀπείρου
1188 1012 1324 1076 βοῆς
1349 1006 1410 1061 τὸ
1435 1007 1736 1076 γινόμενον
1760 1028 1864 1078 μη-
1883 1025 1916 1060 w

172 1092 436 1161 νυούσης.
501 1093 595 1145 καὶ
632 1090 738 1161 τὴν
763 1097 1105 1161 Χαρίκλειαν
1145 1093 1433 1156 ἐξελέσθαι
1459 1091 1866 1162 προθυμούμε-

168 1195 258 1228 νοι
279 1178 603 1245 πλησιάζειν
628 1178 732 1246 μὲν
754 1176 858 1231 ούκ
882 1178 1195 1247 ἐθάρσουν,
1226 1177 1522 1241 ἐξαλέσθαι
1543 1178 1604 1229 δὲ
1631 1180 1696 1247 τῇ
1724 1178 1866 1248 κόρῃ

166 1265 265 1330 τῆς
286 1265 565 1375 πυρκιαῑάς
588 1262 1010 1317 ἐνεκελεύοντο·
1044 1263 1112 1316 ού
1139 1261 1245 1331 γὰρ
1274 1260 1341 1331 δὴ
1369 1255 1622 1334 δέος<τὴν
1644 1262 1863 1316 ἐνδιαι-

165 1346 456 1416 vmpze'quvs‘
470 1351 536 1416 τῇ
587 1341 787 1415 φλογὶ
805 1368 899 1400 και
938 1345 1236 1401 ἀπολιπεῖν
1272 1347 1643 1416 βουλομένην.
1719 1364 1863 1415 απερ

167 1427 356 1534 ὁρωσα
383 1431 475 1483 καὶ
503 1430 790 1484 ἀκούουσα
816 1429 1203 1536 ηᾸαρρἄᾹεια,
1242 1431 1520 1498 νομίσασα
1552 1450 1612 1483 τε
1637 1430 1731 1484 καὶ
1755 1431 1862 1484 αύ-
1879 1448 1916 1481 15

165 1515 230 1584 τὴ
273 1514 411 1584 πρὸς
449 1521 605 1568 θεων
633 1512 776 1568 εἶναι
814 1514 917 1585 τὴν
943 1514 1085 1586 ὑπερ
1124 1516 1297 1586 αὐτῆς
1333 1515 1577 1619 άμυναν,
1617 1518 1761 1584 ἔγνω
1786 1516 1860 1586 μὴ

166 1598 486 1669 ἀχαριστεῖν
524 1598 663 1667 πρὸς
700 1602 762 1653 τὸ
803 1611 1086 1669 κρεῖττον,
1137 1601 1454 1671 ἀρνουμένη
1493 1598 1596 1669 τὴν
1634 1599 1856 1668 εὐεργε-

166 1686 328 1760 σίαν,ι
357 1683 587 1752 ἐξήλατό
614 1704 671 1737 τε
698 1688 794 1753 τῆς
819 1689 1020 1753 πυράς,
1061 1683 1135 1749 ώς
1163 1685 1266 1754 τήν
1292 1706 1396 1753 μεν
1423 1685 1589 1740 πόλιν
1616 1681 1725 1737 ὑπὸ
1760 1705 1862 1753 χα-

167 1772 268 1838 ρᾶς
293 1761 405 1836 ἅμα
433 1788 525 1821 και
555 1769 872 1837 ἐκπλήξεως
896 1770 1037 1837 μέγα
1062 1790 1114 1823 τι
1141 1771 1234 1823 καὶ
1262 1771 1573 1838 σύμφωνον
1593 1771 1860 1838 ἐκβοῆσαι

164 1852 258 1906 καὶ
304 1853 581 1922 μεγάλους
618 1850 750 1915 τούς
786 1852 958 1916 θεοὺς
997 1855 1405 1921 ἐπικαλεῖσθαι,
1438 1855 1543 1922 τὴν
1571 1854 1632 1906 δὲ
1655 1852 1916 1922 &Auiti-20

164 1957 271 2010 um)
308 1936 381 2007 μή
423 1939 812 2004 κατασχοῦσαν
851 1941 1203 1991 καθαλέσθαι
1240 1958 1300 1991 τε
1338 1936 1448 1990 ἀπὸ
1486 1940 1600 1990 τών
1637 1943 1857 2005 τειχῶν,

164 2024 258 2074 καὶ
284 2021 377 2074 διὰ
405 2003 1063 2089 πυλίδοςόἐκδραμοῦσαν
1084 2022 1193 2075 σὺν
1211 2026 1394 2091 πολλῇ
1420 2023 1738 2123 δορυφορία
1765 2023 1860 2076 καὶ

163 2116 278 2168 τοῖς
304 2103 713 2158 δυναστεύουσι
732 2110 973 2174 Περσων
994 2106 1327 2175 ἐπιβάλλειν
1353 2127 1412 2159 τε
1438 2104 1617 2176 αὐτὴν
1643 2111 1709 2177 τῇ
1745 2111 1860 2160 Χα-

172 2193 407 2292 ρι’κλεία.
409 2189 512 2251 τὰς
529 2200 735 2258 χεῖρας,
764 2190 855 2242 καὶ
885 2192 961 2252 εἰς
986 2188 1086 2243 τὸν
1112 2193 1341 2261 δῆμον’
1319 2193 1517 2260 ιταμὸν
1545 2191 1856 2260 ἐνορώσαν,

170 2272 274 2327 οὐκ
301 2264 660 2342 αἰσχύνεσθε,
692 2275 889 2343 εἰπεῖν,
929 2273 1218 2344 ἀλιτήριον
1243 2275 1480 2343 γύναιον
1507 2278 1598 2328 καὶ
1626 2291 1914 2344 ‹pappa—2⁵

163 2360 294 2411 κίδα
321 2359 412 2411 και
453 2358 647 2426 φόνων
684 2360 912 2425 ἐργάτιν
952 2357 1040 2412 ἐπ’
1069 2359 1383 2430 αὐτοφώρω
1419 2362 1739 2428 ληφθεῖσαν
1765 2357 1859 2413 καὶ

162 2441 591 2512 ὁμολογήσασαν
620 2442 909 2506 ἐξελέσθαι
944 2447 1041 2512 τῆς
1071 2448 1335 2511 τιμωρίας
1366 2445 1722 2511 πειρώμενοι,
1762 2445 1859 2497 καὶ

162 2526 277 2597 ἅμα
313 2527 417 2594 μὲν
456 2526 701 2598 ἀθεμίτῳ
738 2531 953 2597 γυναίῳ
990 2530 1357 2596 βοηθοῦντες,
1412 2526 1525 2594 ἅμα
1565 2529 1626 2581 δὲ
1664 2527 1858 2597 νόμοις

162 2621 279 2673 τοῖς
317 2617 560 2678 Περσῶν
597 2612 689 2663 καὶ
727 2613 953 2678 βασιλεῖ
984 2631 1043 2663 τε
1089 2611 1240 2682 αὐτῷ
1279 2612 1372 2664 καὶ
1420 2613 1725 2680 σατράπαις
1762 2612 1856 2664 καὶ
1907 2618 1910 2619 ’

164 2697 471 2758 δυνάσταις
497 2695 590 2748 καὶ
617 2697 902 2756 δικασταῖς
928 2693 1353 2765 ἀνθιστάμενοι,
1388 2693 1502 2748 ὑπὸ
1527 2700 1627 2748 τοῦ
1651 2697 1725 2764 μὴ
1755 2696 1912 2764 §gt—3⁰

164 2786 491 2849 πεπρῆσθαι
516 2778 693 2848 αὐτὴν
721 2784 853 2839 ἴσως
880 2781 957 2841 είς
984 2782 1143 2833 ἔλεον
1169 2779 1540 2848 ἀπατώμενοι,
1580 2779 1671 2832 καὶ
1698 2786 1856 2841 θεοῖς
1900 2782 1904 2785 ’

158 2864 227 2917 τὸ
253 2867 421 2934 ἔργον
440 2863 872 2934 ἐπιγράφοντες;
903 2862 1035 2917 οὐδὲ
1065 2863 1361 2933 έννοήσετε
1386 2863 1858 2934 σωφρονήσαντες
