1916 3132
188 86 259 139 48
910 87 1074 132 LIBRI
1102 88 1169 133 111

189 209 408 262 aedibus
462 208 867 279 magistratibus
923 228 1212 280 eorumque
1265 211 1528 265 ministris
1582 215 1636 266 et
1687 213 1884 268 turbae

186 283 557 336 miscellaneae
590 286 781 336 cuncta
811 284 1077 353 completa
1107 284 1396 354 statimque
1426 285 1642 340 lictores
1674 286 1781 340 duo
1811 287 1875 342 de

184 358 335 410 iussu
390 358 804 427 magistratuum
857 358 1100 411 immissa
1145 378 1305 412 manu
1352 360 1562 414 trahere
1610 379 1696 414 me
1747 380 1874 416 sane

184 451 292 485 non
323 433 644 485 renitentem
677 432 959 501 occipiunt.
1015 451 1075 486 ac
1108 434 1234 486 dum
1265 434 1499 503 primum
1532 435 1873 505 angiportum

182 506 484 559 insistimus
494 549 507 575 ,
570 506 753 559 statim
807 507 998 559 ciuitas
1053 508 1224 560 omnis
1279 509 1335 560 in
1392 509 1656 578 publicum
1705 510 1872 564 effusa
1894 533 1916 568 5

182 581 319 633 mira
358 581 620 634 densitate
659 600 758 634 nos
796 581 1110 650 insequitur.
1166 586 1220 635 et
1259 601 1564 652 quanquam
1604 584 1776 653 capite
1814 584 1872 637 in

181 659 395 725 terram,
434 656 599 708 immo
640 655 706 707 ad
736 655 882 724 ipsos
922 656 1258 709 inferosiam
1291 657 1495 711 deiecto
1527 661 1764 711 maestus
1794 658 1871 712 in—

182 730 421 783 cederem
439 773 452 799 ,
507 716 818 799 obliquatos
838 733 1017 783 tamen
1071 735 1287 799 aspectu
1342 750 1454 784 rem
1501 732 1869 786 admirationis

181 805 446 857 maximae
478 804 762 873 conspicio,
813 823 937 856 nam
969 805 1109 857 inter
1139 808 1223 858 tot
1252 805 1402 857 milia
1431 806 1619 874 populi
1650 806 1869 860 circum·

178 879 396 946 fluentis
450 897 606 931 nemo
661 897 932 948 prorsum,
973 879 1065 947 qui
1111 897 1218 931 non
1271 879 1384 931 risu
1447 880 1868 948 dir-rumperetur
1891 905 1916 937 ι.

179 953 374 1006 aderat.
414 953 628 1005 tandem
659 953 946 1021 pererratis
977 953 1170 1021 plateis
1203 953 1451 1006 omnibus
1483 957 1536 1006 et
1562 954 1619 1005 in
1650 954 1867 1007 modum

179 1045 378 1097 eorum,
403 1028 597 1097 quibus
628 1027 942 1079 lustralibus
974 1027 1260 1095 piamentis
1291 1027 1463 1079 minas
1494 1031 1867 1096 portentorum

177 1100 372 1154 hostiis
421 1101 855 1154 circumforaneis
910 1100 1149 1170 expiant,
1204 1101 1598 1155 circumductus
1652 1102 1866 1173 angula·

179 1176 251 1244 [p.
270 1176 356 1228 40.
374 1175 461 1245 E]
494 1176 594 1228 tim
625 1176 803 1228 forum
837 1218 1025 1228 .......
1057 1194 1287 1244 reusque
1319 1175 1556 1228 tribunal
1587 1176 1864 1230 adstituor.

176 1251 389 1319 iamque
408 1250 640 1303 sublimo
666 1253 925 1320 suggestu
941 1250 1346 1320 magistratibus
1363 1250 1734 1320 residentibuS,
1757 1251 1864 1304 iam
1888 1274 1916 1306 ιε

175 1342 434 1393 praecone
489 1325 705 1393 publico
757 1324 1031 1377 silentium
1086 1323 1369 1394 clamante,
1422 1327 1639 1393 repente
1685 1325 1865 1378 cuncti

176 1417 410 1452 consona
455 1417 585 1452 uoce
632 1399 903 1469 flagitant,
956 1402 1176 1467 propter
1221 1401 1402 1451 coetus
1449 1398 1864 1468 multitudinem,

177 1491 310 1541 quae
349 1492 628 1542 pressurae
659 1474 825 1525 nimia
864 1473 1123 1526 densitate
1162 1473 1568 1542 periclitaretur,
1606 1473 1864 1526 iudicium

175 1550 386 1599 tantum
425 1548 636 1600 theatro
676 1548 997 1600 redderetur.
1060 1565 1156 1599 nec
1186 1565 1337 1599 mora
1376 1565 1495 1599 cum
1534 1547 1734 1616 passim
1772 1565 1863 1616 po·

174 1621 333 1689 pulus
365 1640 684 1690 procurrens
717 1640 907 1674 caueae
932 1624 1246 1690 conseptum
1277 1621 1414 1673 mira
1445 1620 1714 1674 celeritate
1739 1639 1859 1674 oon·
1883 1643 1916 1676 2(

172 1696 357 1764 pleuit.
420 1696 596 1748 aditus
622 1696 782 1747 etiam
815 1699 869 1748 et
892 1699 1094 1748 tectum
1119 1714 1274 1748 omne
1297 1695 1480 1748 fartim
1512 1695 1856 1764 stipauerant.

172 1770 414 1839 plerique
454 1770 715 1822 columnis
754 1769 996 1838 implexi,
1036 1769 1127 1821 alii
1166 1770 1359 1821 statuis
1399 1763 1720 1839 dependuli}
1749 1787 1857 1822 non

173 1843 310 1896 nulli
358 1862 454 1913 per
505 1844 764 1896 fenestras
819 1846 872 1895 et
920 1843 1191 1895 lacunaria
1237 1843 1667 1912 semiconspicui,
1719 1843 1856 1895 miro
1902 1864 1907 1868 ·

174 1921 353 1971 tamen
400 1937 584 1971 omnes
630 1917 807 1970 studio
854 1917 1063 1969 uisendi
1108 1916 1345 1984 pericula
1395 1916 1582 1968 salutis
1621 1916 1856 1986 neclege-

174 1992 317 2044 bant.
394 1996 523 2045 tunc
561 2011 646 2045 me
684 2011 778 2061 per
815 1990 1186 2060 proscaenium
1231 1990 1466 2042 medium
1505 1989 1656 2042 uelut
1695 2008 1856 2059 quan·
1881 2013 1916 2045 25

175 2066 296 2118 dam
335 2067 611 2119 uictimam
649 2066 864 2135 publica
908 2064 1204 2117 ministeria
1240 2064 1534 2132 perducunt
1580 2067 1633 2116 et
1679 2064 1857 2117 orche-

0 2134 138 2207 Le'ec-„T
174 2143 338 2192 strae⁴
354 2141 556 2193 mediae
589 2141 799 2193 sistunt.
876 2137 971 2191 III.
1012 2139 1088 2191 sic
1118 2156 1330 2190 rursum
1369 2138 1645 2206 praeconis
1679 2137 1857 2207 amplo

295 2363 320 2401 5
351 2358 593 2415 publicum
629 2359 760 2405 Grat.
815 2361 1011 2416 poptum
1041 2358 1076 2400 F
1122 2356 1347 2414 populum
1378 2358 1475 2401 edd.
1611 2361 1651 2401 9.
1671 2361 1726 2400 10
1768 2355 1855 2400 cir-

175 2417 467 2461 cumfluentis
508 2419 630 2462 Prie.
671 2420 728 2473 cf.
763 2423 899 2473 66.1;
934 2422 1047 2461 69.2
1102 2415 1482 2460 circumsedentis
1528 2415 1715 2471 ΓφδΕ.
1771 2415 1857 2459 oir-

176 2476 531 2533 cumstrepentis
565 2478 696 2522 Hizd.
742 2475 1140 2534 circumsepientis
1173 2477 1270 2519 Pet.
1364 2479 1418 2518 12
1452 2475 1528 2531 qb3
1560 2475 1644 2529 Fcp
1691 2474 1773 2530 qui
1802 2474 1855 2518 E.

177 2541 232 2579 14
265 2538 479 2581 lacunam
502 2538 712 2581 indicaui
741 2550 939 2593 reusque
961 2536 1123 2592 scripsi
1153 2534 1345 2589 eiusque
1369 2534 1533 2590 Fcpdg.
1563 2533 1762 2589 denique
1779 2533 1858 2578 ΒΖ.

174 2609 280 2639 reus
313 2597 453 2651 atque
479 2595 640 2639 Heius.
734 2601 788 2640 19
822 2611 927 2640 cum
951 2597 979 2640 δ
1018 2592 1082 2638 co’
1110 2593 1187 2650 Fg
1227 2592 1506 2649 compassim
1529 2603 1568 2647 φ
1661 2597 1716 2636 20
1747 2605 1855 2636 con-

175 2657 360 2711 septum
398 2655 433 2697 F
479 2656 537 2708 cf.
571 2655 710 2700 Mz‘cll.
741 2661 798 2699 49
950 2652 1190 2698 celeritate
1236 2654 1335 2696 cdd.
1376 2653 1432 2707 cf.
1475 2656 1572 2695 131.
1592 2656 1669 2707 213
1710 2655 1855 2695 68.10

175 2713 452 2758 celebritate
498 2714 643 2758 Kron.
687 2716 745 2769 cf.
787 2720 856 2759 74.
875 2719 921 2770 2,
969 2713 1102 2769 Apol.
1143 2716 1213 2755 83.
1236 2716 1258 2754 7
1409 2715 1465 2754 23
1510 2710 1753 2755 lacubaria
1797 2709 1857 2753 1³¹1

177 2778 234 2816 24
274 2772 460 2831 salutis]
501 2772 720 2816 salutaris
754 2774 838 2828 qu
894 2772 1050 2817 studio
1083 2770 1280 2815 salutari
1311 2769 1495 2814 uisendi
1527 2772 1556 2813 ὃ
1594 2783 1675 2813 om.
1708 2784 1741 2826 g
1770 2770 1865 2814 ele-·

173 2838 335 2889 yanter
379 2834 455 2877 sed
493 2847 662 2889 param
701 2834 1001 2889 probabiliter
1042 2831 1177 2876 Oua:
1226 2829 1382 2873 studio
1421 2827 1606 2872 uisendi
1647 2827 1884 2890 pericula·

177 2890 370 2935 alterius
403 2905 488 2935 sua
518 2891 829 2948 neclegebant
950 2896 1005 2935 26
1035 2889 1316 2947 perducunt]
1347 2888 1565 2950 ,pducunt
1596 2887 1702 2941 F¹tp
