1916 3132
48 30 223 91 rw<
255 27 383 82 „JK-2*
401 48 450 73 ,α
486 48 524 58 ἡ

186 35 251 106 ssy
371 32 406 92 f
738 118 1116 172 AEmEPON
1698 112 1769 165 45

67 271 224 317 νοεῖν
257 261 505 330 μέλλετε,
544 260 626 321 τίς
662 256 774 325 ἄρα
808 247 881 325 ἦν
915 252 948 325 ἡ
991 253 1275 322 εὐδαίμων
1314 254 1501 320 ἐκείνη
1537 255 1630 304 καὶ
1667 254 1766 304 δα-

67 347 258 414 κρύων
305 343 608 408 ἀξιωθεῖσα
657 343 1040 409 Θεαγενείων,
1091 337 1184 391 καὶ
1234 341 1359 390 τίνα
1406 335 1618 406 τρόπον
1666 334 1769 405 τὴν

69 428 362 499 ἄγνωστον
388 425 460 490 ὥς
488 428 583 497 ἐμὲ
611 429 801 495 φιλεῖν
830 423 1200 493 ἐξηπατήθης,
1242 421 1580 491 ἐβουλόμην,
1620 426 1675 474 εἴ
1694 440 1769 491 πῃ

66 513 391 584 γινώσκεις,
448 510 783 581 μανθάνειν.
861 508 952 561 καὶ
1010 505 1070 571 ὃς
1115 507 1431 576 θαυμάσεις
1482 507 1585 574 μὲν
1634 508 1768 574 ἔφη·

19 620 41 654 5
71 602 290 668 Θίσβην
324 596 380 651 δ’
408 591 516 651 οὖν
553 593 697 650 εἶναι
724 594 973 664 Κνήμων
999 592 1093 646 ὅδε
1130 595 1287 662 φησί,
1324 588 1429 659 τὴν
1460 589 1771 658 Ἀθηναίαν

72 676 317 754 ἐκείνην,
357 703 459 751 την
493 682 791 750 ψάλτριαν,
830 678 938 749 τὴν
975 683 1090 732 τῶν
1130 679 1208 740 εἰς
1235 674 1410 729 αὐτὸν
1448 676 1770 743 ἐπιβουλῶν

70 769 163 824 καὶ
201 769 560 837 Δημαινέτην
598 766 916 834 ποιήτριαν
990 767 1088 832 τῆς
1127 763 1188 815 δὲ
1227 763 1563 828 Χαρικλείας
1603 759 1770 812 ἐκπε-

71 854 407 923 πληγμένης,
437 849 528 904 καὶ
561 854 677 914 πῶς
707 849 780 918 ἠν
808 849 955 911 εἰκὸς
985 851 1027 902 ὠ
1052 847 1320 917 Κνήμων,
1350 844 1639 912 εἰπούσης,
1668 842 1773 912 τήν

73 939 136 992 ἐκ
174 936 342 1007 μέσης
380 941 476 1005 τῆς
506 934 771 998 Ἑλλάδος
810 932 897 988 ἐπ’
931 933 1184 1001 ἐσχάτοις
1221 935 1323 1001 γῆς
1349 929 1644 999 Αἰγύπτου
1672 949 1774 981 κα-

3 1043 44 1077 10
73 1023 263 1091 θάπερ
292 1023 355 1076 ἐκ
381 1024 631 1091 μηχανῆς
658 1018 1130 1088 ἀναπεμφθῆναι,
1169 1021 1287 1078 πῶς
1314 1017 1374 1069 δὲ
1402 1015 1496 1068 καὶ
1524 1013 1768 1068 ἐλάνθα-

73 1127 173 1162 νεν
198 1105 341 1176 ἡμᾶς
367 1108 538 1174 δεῦρο
566 1105 885 1167 κατιόντας;
924 1107 1102 1157 ταῦτα
1136 1102 1240 1172 μὲν
1277 1099 1380 1153 οὐκ
1421 1102 1525 1168 ἔχω
1566 1101 1771 1167 λέγειν,

73 1191 414 1260 ἀπεκρίνατο
454 1189 594 1259 πρὸς
632 1188 811 1258 αὐτὴν
850 1188 878 1242 ὁ
920 1186 1198 1256 Κνήμων·
1239 1183 1277 1238 ὁὶ
1309 1184 1363 1238 δ’
1395 1177 1503 1238 οὖν
1542 1187 1646 1253 ε”χω
1685 1204 1770 1251 γι-

70 1278 316 1330 νώσκειν
343 1273 481 1344 ἀμφ’
514 1275 677 1344 αὐτῇ,
706 1275 892 1327 τοιάδε
922 1274 1093 1326 ἐστίν.
1137 1269 1327 1338 ἐπειδὴ
1357 1270 1464 1337 γὰρ
1491 1267 1523 1338 ἡ
1551 1274 1770 1338 Δημαι-

73 1362 202 1430 νέτη
250 1358 386 1430 μετά
436 1357 539 1429 τὴν
588 1358 809 1426 άπάτην
860 1359 936 1420 εἰς
984 1357 1084 1411 τὸν
1131 1355 1352 1424 βόθρον
1391 1354 1597 1422 ἑαυτὴν
1635 1351 1774 1405 άπε-

5 1461 45 1495 15
74 1446 403 1516 κρήμνισεν,
434 1443 463 1497 ὁ
490 1445 550 1498 δὲ
579 1441 760 1512 πατὴρ
791 1443 1070 1512 ἐξήγγειλε
1097 1445 1172 1512 τῷ
1202 1440 1356 1511 δήμῳ
1383 1438 1445 1492 τὸ
1471 1438 1772 1506 γεγενημέ-

73 1550 195 1597 νον,
238 1529 388 1597 παρὰ
430 1530 533 1598 μὲν
571 1531 676 1598 τὴν
702 1528 931 1597 πρώτην
961 1527 1232 1596 ἐτύγχανε
1261 1523 1613 1592 συγγνώμης.
1681 1521 1774 1574 καὶ

75 1613 246 1676 αὐτὸς
271 1615 375 1684 μὲν
403 1612 552 1675 ὅπως
579 1612 650 1666 ἂν
677 1612 931 1665 κάθοδον
958 1612 1087 1680 ἐμοί
1107 1630 1166 1663 τε
1194 1609 1358 1677 λάβοι
1379 1607 1530 1675 παρὰ
1550 1611 1649 1660 τοῦ
1671 1606 1774 1674 δή·-

74 1719 184 1769 μου
223 1697 315 1753 καὶ
355 1697 494 1752 κατὰ
525 1698 749 1767 ζήτησιν
790 1698 1117 1750 ἐκπλεύσειε
1155 1694 1262 1763 τὴν
1301 1693 1442 1764 ἐμὴν
1468 1694 1771 1746 διετίθετο·

75 1782 108 1854 ἡ
149 1785 210 1837 δὲ
251 1786 430 1852 Θίσβη
468 1781 572 1851 τὴν
609 1781 879 1850 ἀσχολίαν
906 1780 1019 1849 τὴν
1061 1781 1287 1834 ἐκείνου
1327 1776 1538 1847 σχολὴν
1575 1775 1775 1874 ἑαυτης

6 1884 48 1918 20
79 1869 337 1936 ἐποιεῖτο,
377 1867 471 1921 καὶ
509 1877 622 1930 τοις
661 1868 993 1934 συμποσίοις
1019 1863 1197 1928 ἄδεως
1233 1864 1441 1932 ἑαυτήν
1466 1882 1525 1915 τε
1552 1863 1644 1913 καὶ
1654 1860 1774 1960 τήν

76 1953 277 2022 τέχνην
317 1953 632 2020 ε’ξεμίσθου.
691 1954 790 2004 καί
822 1969 957 2003 ποτε
985 1971 1078 2003 και
1103 1932 1670 2019 παρευδοκιμήσασα
1671 1945 1774 2014 τὴν

70 2036 364 2106 Ἀρσινόην
411 2035 871 2104 ἀναβεβλημένον
885 2024 1232 2103 αὐλοῦσαν,
1285 2021 1606 2100 έπίτροχον3
1632 2027 1771 2097 αὐτή

76 2122 373 2187 ψάλλουσα
400 2119 492 2174 καὶ
511 2113 898 2190 γλαφυρότΪτῇ
922 2121 1131 2190 κιθάρᾳ
1151 2120 1538 2189 προσᾴδουσα,
1567 2119 1774 2169 ἔλαθεν

78 2205 364 2275 ἑταιρικὴν
391 2209 730 2274 ζηλοτυπίαν
756 2203 866 2258 σὺν
895 2208 1083 2274 πολλῷ
1111 2202 1248 2257 καθ’
1275 2203 1474 2270 ἑαυτῆς
1499 2201 1776 2269 κινήσασα

7 2305 50 2339 25
78 2294 154 2361 τῷ
193 2291 414 2360 φθόνῳ,
454 2292 548 2342 καὶ
582 2291 756 2343 πλέον
794 2290 884 2342 ὅτε
921 2310 1003 2352 τις
1041 2287 1219 2358 αὐτὴν
1246 2290 1642 2355 Ναυκρατίτης
1681 2288 1777 2354 ἔμ-

81 2394 255 2443 πορος
275 2371 611 2444 ὑπόχρυσος,
642 2372 820 2443 ὄνομα
851 2377 1198 2443 Ναυσικλῆς,
1238 2375 1646 2442 ἐνηγκαλίζετο,
1663 2367 1776 2473 ,τὴν

76 2456 390 2528 Ἀρσινόην,
445 2459 538 2511 καὶ
586 2463 761 2511 ταῦτα
808 2459 1085 2526 πρότερον
1132 2460 1557 2556 γινωσκομένην
1606 2452 1775 2524 αυτῷ,

82 2544 675 2611 παραγκωνισάμενος,
717 2542 907 2612 επειδὴ
944 2543 1336 2613 κυρτουμένην
1333 2524 1514 2611 αυτῇ
1541 2539 1643 2609 τὴν
1670 2557 1777 2591 πα-

86 2629 368 2725 vem-²5:52
372 2637 502 2694 ,τοις
540 2626 855 2697 αυλήμασιν
894 2624 1028 2695 εἶδε,
1068 2627 1162 2680 καὶ
1198 2626 1336 2694 πρὸς
1361 2623 1423 2678 τὸ
1450 2629 1638 2695 βίαιον
1663 2643 1777 2675 των

15 2724 57 2759 30
87 2711 434 2783 φυσημάτων
472 2709 888 2783 ἀπρεπέστερον
928 2711 1017 2766 ἐπὶ
1056 2732 1156 2775 τας
1195 2712 1353 2780 ῥινας
1379 2709 1775 2776 ἀνισταμένην,

86 2795 148 2848 τό
175 2815 234 2848 τε
261 2794 407 2863 ὄμμα
435 2796 829 2866 πιμπράμενον
856 2817 948 2849 και
975 2800 1069 2866 τῆς
1097 2798 1304 2858 οἰκείας
1332 2767 1501 2861 ffl
1528 2791 1777 2856 ἐξωθού-

83 2899 275 2949 μενον.
326 2877 426 2948 ὑφ’
457 2901 539 2934 ων
566 2881 867 2950 οἰδουμένη
895 2885 971 2951 τῷ
998 2882 1143 2951 χόλῳ
1170 2882 1262 2932 καὶ
1289 2880 1431 2949 ζήλῳ
1457 2894 1778 2943 πυρακτου-
1806 2875 1839 2927 9
