1916 3132
781 164 975 211 ΔΕΚΑ
983 162 1125 211 ΤΟΝ
1700 158 1805 211 283

105 319 198 356 νοι
234 299 301 354 τά
343 302 622 371 εἰρημένα,
671 300 764 353 καὶ
802 292 847 353 ῶ
884 303 1118 368 βασιλεῦ
1157 300 1396 367 ἔφασαν,
1446 294 1672 359 ἀκούεις
1709 300 1807 365 τῆς

105 386 473 456 προκλήσεως
509 385 601 438 καὶ
637 379 674 436 ὁὶ
709 386 1035 453 προΐσχεται
1070 381 1103 452 ἦ
1145 366 1594 453 ξένης-ἶγελάσας
1632 371 1737 434 οὖν
1776 379 1805 433 6

94 467 391 540 Ὑδάσπης,
419 469 512 523 καὶ
538 470 669 522 ποία
695 469 843 538 δίκη,
881 470 1077 538 φησίν,
1118 464 1153 536 ἢ
1178 467 1361 520 πόθεν
1398 463 1521 535 ἐμοὶ
1547 466 1642 518 καὶ
1666 464 1803 517 ταύ-

103 572 199 624 τῃ;
223 549 559 624 προφάσεως
579 554 639 607 δὲ
665 554 727 607 ἐκ
747 555 909 615 ποίας
927 547 963 620 ἢ
983 555 1163 604 ποίων
1187 535 1803 619 ἴσων]άναφαινομένη;

47 657 69 690 5
107 640 200 692 καὶ
227 635 256 691 6
283 639 642 708 Σισιμίθρης,
670 637 834 705 αὐτά,
872 638 999 706 ἔφη,
1036 635 1277 706 δηλώσει
1303 633 1370 688 τά
1395 638 1801 704 λεχθησόμενα.

104 721 199 776 καὶ
238 719 342 775 οὐκ
381 717 453 775 ἄν
491 721 733 790 δόξειεν,
782 724 917 790 ἔφη,
967 718 1030 774 τὸ
1078 723 1309 788 πρᾶγμα
1348 717 1417 771 ού
1456 722 1639 789 κρίσις
1677 712 1801 771 ἀλλ’

102 804 285 876 ὕβρις,
336 807 387 859 εἰ
419 805 557 876 πρὸς
593 807 697 877 τὴν
736 802 1388 875 αἰχμάλωτονβασιλεύς
1422 798 1527 855 ῶνῆ
1541 804 1804 856 διαδικά-

102 905 297 960 σομαι;
324 889 422 959 τάς
442 887 720 963 ὑπεροχάς
745 888 814 943 οὐ
842 869 1185 959 δυσωπεῖται
1210 885 1544 965 τρΑ-δρξῃαὺιὴρέ,
1566 885 1802 954 άπεκρί-
1903 895 1916 922 -’

103 994 240 1028 νατο
265 973 404 1044 πρὸς
444 973 618 1028 αὐτὸν
646 973 674 1028 6
703 977 1066 1044 Σισιμίθρης·
1108 972 1234 1025 ἀλλ’
1267 966 1343 1036 εἷς
1380 972 1543 1045 ἐστὶν,
1571 968 1600 1024 6
1635 974 1803 1040 βασι-

47 1077 88 1111 10
104 1058 289 1112 λεύων
327 1058 391 1111 ἐν
427 1069 545 1122 ταῖς
582 1062 857 1134 κρίσεσιν,
898 1055 927 1111 6
964 1067 1082 1120 τοῖς
1120 1033 1800 1125 εὐλογωτεχροιςάκρατῶν.

102 1141 245 1196 ἀλλὰ
281 1143 424 1212 πρὸς
461 1140 592 1205 τούς
631 1138 963 1211 ἐγχωρίους,
1013 1144 1150 1211 ἔφη,
1190 1139 1284 1194 καὶ
1335 1139 1401 1194 οὐ
1438 1138 1572 1201 τοὺς
1610 1124 1804 1203 ξένους

103 1226 347 1291 δικάζειν
372 1225 519 1295 ὑμᾶς
544 1236 658 1290 τοῖς
682 1222 1146 1304 βασιλεύουσινῑὶὁ
1182 1226 1352 1294 νόμος
1382 1227 1589 1293 ἐφίησι.
1654 1223 1746 1276 καὶ
1774 1221 1804 1275 6

103 1314 463 1381 Σισιμίθρης,
502 1309 571 1364 οὐ
597 1320 712 1373 τοῖς
738 1310 1077 1378 προσώποις,
1112 1312 1239 1379 ἔφη,
1277 1312 1494 1377 μᾶλλον
1519 1305 1585 1361 τά
1614 1308 1804 1360 δίκαια

101 1397 317 1464 γίνεται
344 1394 545 1465 ἰσχυρὰ
572 1395 723 1461 παρὰ
751 1403 865 1456 τοῖς
890 1393 1204 1462 σώφροσιν,
1246 1391 1388 1446 ἄλλα
1415 1400 1532 1455 τοῖς
1556 1391 1801 1458 τρόποις.

0 1519 1 1522 ,
50 1496 90 1533 ιε
108 1480 283 1548 δῆλον
307 1482 428 1549 μέν,
468 1475 642 1547 εἶπεν,
681 1476 754 1540 ῶς
793 1475 962 1530 οὐδὲν
990 1477 1110 1544 ε’ρεῑ
1130 1479 1464 1546 σπουδαῖον,
1506 1474 1635 1528 ἀλλ’
1663 1474 1800 1542 ὅπερ

105 1564 254 1616 ἴδιον
278 1567 394 1617 τῶν
419 1561 486 1615 τὰ
511 1566 803 1616 τελευταῖα
829 1563 1306 1629 κινδυνευόντων,
1337 1561 1525 1629 λόγων
1546 1546 1802 1628 ματαίων

104 1651 255 1702 ἔσται
295 1646 588 1715 πλάσματα
625 1644 767 1715 πρὸς
800 1625 1150 1714 ὑπέρθεσινΫ
1194 1646 1396 1714 λεγέτω
1425 1643 1477 1697 δ’
1501 1635 1605 1697 οὖν
1633 1642 1798 1712 ὅμως,

106 1729 296 1800 ἐπειδὴ
334 1731 601 1799 βούλεται
639 1733 997 1799 Σισιμίθρης.

210 1813 244 1884 ἡ
286 1815 348 1868 δὲ
385 1818 689 1884 Χαρίκλεια
727 1814 819 1868 καὶ
856 1812 1038 1876 ἄλλως
1084 1807 1228 1867 οὖσα
1277 1811 1526 1881 εὔθυμος
1565 1811 1656 1865 διὰ
1694 1810 1798 1880 τὴν
1822 1815 1884 1866 11

47 1899 580 1969 ποπροσδοκωμένην
617 1902 731 1952 τῶν
756 1898 1203 1969 περιεστηκότων
1236 1898 1422 1965 λύσιν,
1462 1899 1635 1951 πλέον
1676 1897 1793 1963 ε’γε-

102 1982 259 2052 γόνει
293 1982 595 2052 περιχαρὴς
630 1982 704 2045 ῶς
735 1986 838 2036 τοῦ
864 1985 1214 2054 Σισιμίθρου
1251 1980 1502 2049 τοῦνομα
1537 1978 1799 2049 ὑπήκου-

103 2079 230 2120 σεν·
259 2061 332 2135 ἦν
356 2065 462 2135 γὰρ
491 2066 559 2137 δὴ
587 2059 752 2130 οὗτος
774 2064 802 2120 6
827 2065 930 2136 τὴν
956 2065 1137 2138 άρχὴν
1165 2066 1496 2120 ἐκτεθεῖσαν
1524 2062 1797 2133 άνελόμε-

102 2169 200 2213 νος
225 2152 317 2204 καὶ
343 2155 419 2222 τῷ
439 2155 715 2221 Χαρικλεῖ
743 2152 1279 2220 παρακαταθέμενος
1315 2152 1460 2203 ἔτεσι
1496 2151 1630 2203 δέκα
1658 2147 1801 2217 πρό-

43 2287 49 2298 2
103 2254 289 2304 τερον,
329 2233 418 2287 ὅτε
458 2236 535 2298 εἰς
572 2236 702 2296 τοὺς
727 2234 1137 2298 Καταδούπους
1165 2234 1368 2303 ἐστάλη
1405 2237 1520 2287 τῶν
1546 2249 1800 2302 σμαραγ-

35 2308 275 2538 Γδείων
300 2319 591 2386 μετάλλων
611 2320 805 2373 ἕνεκεν
830 2317 903 2382 ῶς
928 2317 1027 2372 τὸν
1043 2317 1420 2389 Ὀροονδάτην
1441 2317 1796 2387 πρεσβεύων,

8 2443 13 2446 -
64 2397 229 2459 (τότε
274 2403 379 2470 μὲν
417 2396 494 2466 εἷς
538 2407 654 2457 τῶν
700 2407 927 2456 πολλῶν
964 2406 1452 2473 Γυμνοσοφιστῶν
1488 2404 1797 2471 τυγχάνων,

103 2482 165 2540 τὸ
205 2484 388 2552 παρὸν
426 2487 488 2540 δὲ
526 2487 801 2557 πρόεδρος
852 2487 1365 2557 ἀναδεδειγμένος.)
1407 2485 1511 2556 τὴν
1548 2487 1653 2554 μὲν
1692 2478 1799 2538 οὖν

53 2627 59 2630 ,
105 2567 239 2634 ὄψιν
275 2569 516 2640 τάνδρὸς
551 2570 655 2624 οὐκ
693 2561 1402 2641 άνέφερενῗὴ,Χαρίκλεια,
1457 2572 1556 2624 νέα
1595 2569 1799 2638 κομιδῇ

106 2654 201 2706 καὶ
240 2653 500 2724 ἑπταέτης
524 2662 887 2725 χωρισθεῖσα,
926 2654 1177 2725 τοῦνομα
1198 2656 1260 2708 δὲ
1287 2654 1616 2723 ἀναγνοῦσα
1641 2670 1798 2721 περι-

41 2750 94 2791 '³⁰
109 2735 280 2815 χαρής
306 2737 554 2807 ἐγεγόνει
580 2742 769 2807 πλέον,
798 2741 1134 2809 ρρνήγορόν
1158 2759 1218 2792 τε
1253 2740 1345 2792 καὶ
1372 2735 1653 2809 Qspybv
1679 2738 1802 2788 ἔσε-

12 2809 43 2835 ’Ῡ
109 2825 245 2874 σθαι
270 2820 408 2891 πρὸς
441 2821 540 2876 τὸν
566 2822 1001 2892 άναγνωρισμόν
1038 2825 1331 2877 ἐλπίσασα.
1395 2821 1493 2883 τάς
1519 2819 1586 2887 δὴ
1614 2828 1803 2887 χεῖρας

43 2922 47 2924 ’
111 2906 188 2967 εἰς
231 2901 334 2957 τὸν
370 2904 618 2974 οὐρανὸν
656 2906 1024 2976 ἄνατείνασα,
1079 2909 1172 2960 καὶ
1210 2910 1400 2976 βοῶσα
1441 2904 1800 2973 ἐξάκουστον,

1807 866 1916 890 4„-
