1916 3132
63 2459 134 2512 29

151 126 251 178 150
819 131 1185 179 ΠΕΜΠΤΟΝ

147 266 433 319 καλώδιον
473 264 528 330 ἐξ
569 260 640 319 οὗ
674 270 771 334 τῆς
808 267 948 329 νεώς
973 265 1174 336 ήρτητο
1204 267 1702 350 διέκοψενηβᾶλλον
1727 288 1846 338 χει-

146 341 328 418 μῶνα’
330 337 539 403 τοῦτον
568 352 910 418 ἐφέλκεσθαι
949 355 1096 420 σφᾶς
1131 345 1576 421 διατεινόμενος,
1613 351 1706 406 καὶ
1732 352 1846 422 ἅμα

147 436 241 486 καὶ
279 438 380 487 τοῦ
417 435 717 503 μέλλοντος
765 434 1059 505 ἀσφαλοῦς
1107 446 1375 504 προνοεῖν
1421 434 1841 506 ὑφηγούμενος*

147 514 291 571 εἶναι
329 520 439 587 γὰρ
478 508 754 574 ὕποπτονὶ
774 518 1122 589 ἀμφοτέραις
1170 523 1560 590 προσπλεῦσαί
1593 541 1688 574 ποι
1726 531 1846 585 ταῖς

147 605 348 672 ναυσί,
387 608 503 656 τῶν
537 605 985 679 μέμῖπλευσάντων
1019 606 1231 676 θατέρᾳ
1256 605 1479 668 πάντως
1506 605 1845 707 ἐπιζητηθη-

146 685 416 756 σομένων.
478 690 665 742 ἐδόκει
691 708 749 742 τε
779 709 920 742 ειναι
949 683 1191 753 πῖθανός
1219 690 1312 743 καὶ
1340 691 1505 743 δυοῖν
1531 687 1606 743 δι’
1632 688 1755 752 ἑνὸς
1779 689 1841 744 τὸ

145 771 329 841 παρὸν
369 771 723 842 εὐδοκιμεῖν,
763 776 1025 842 βραχείας
1063 774 1351 845 ραστεόνης
1389 773 1746 841 αἰσθομένων
1785 774 1841 838 ἐξ

145 857 215 909 οὑ
253 855 357 925 τὴν
396 854 606 911 ἄκατον
646 858 937 928 ἐχώρισεν,
979 858 1048 912 οὐ
1074 857 1187 928 μὴν
1212 859 1534 913 παντάπασι
1571 877 1688 911 των
1727 860 1842 911 δει-

145 944 266 994 νῶν
315 939 780 1010 ἀπαλλαγέντων,
841 942 984 995 ἀλλά
1041 947 1357 1012 τρικυμίαις
1403 963 1462 996 τε
1513 943 1844 1012 ἐπαλλήλοις

147 1024 545 1095 ἐλαυνομένων
584 1026 674 1078 καὶ
715 1024 896 1079 πολλὰ
935 1030 1030 1096 τῆς
1068 1027 1212 1089 νειὸς
1261 1026 1708 1095 ἀποβαλλόντων
1747 1027 1841 1079 καὶ

147 1110 424 1163 κινδύνου
461 1114 577 1163 πᾶν
615 1107 762 1174 εἶδος
798 1108 1216 1180 ὑφισταμένων,
1263 1110 1366 1173 ἕως
1403 1114 1621 1180 ἐκείνης
1646 1129 1715 1163 τε
1749 1114 1845 1179 τῆς

146 1191 350 1256 νυκτὸς
375 1188 536 1261 μόλις
563 1196 981 1264 διαδραμούσης
1008 1197 1099 1248 καὶ
1128 1194 1268 1263 πρὸς
1294 1197 1387 1265 τῆς
1425 1195 1688 1264 ἐχομένης
1711 1192 1842 1264 ἡμέ-

147 1298 248 1346 ρας
274 1277 401 1346 περὶ
429 1280 621 1347 δείλην
649 1277 788 1348 ἀκτῇ
826 1281 936 1331 τινὶ
973 1277 1111 1332 κατὰ·
1146 1281 1209 1332 τὸ
1248 1269 1600 1350 στόμιονΓτοῦ
1629 1282 1843 1332 Νείλου

145 1361 208 1415 τὸ
228 1359 689 1467 Ηρακλεωτικόν
738 1367 1198 1433 προσωκείλαμεν
1246 1385 1338 1417 και
1387 1365 1747 1467 γῇςὲΑἰυ

147 1428 505 1515 ἀβουλήτωςΒ
514 1449 573 1500 οἶ
605 1448 979 1516 δυσδαιμονες
1001 1447 1410 1519 QQvouev,
1453 1448 1510 1500 οἶ
1541 1448 1646 1515 μεν
1601 1365 1844 1500 υᾶλξίοι

149 1533 470 1599 χαίροντες,
509 1529 667 1599 ἡμεῖς
704 1533 766 1584 δὲ
807 1530 1139 1600 ἀνιώμενοι,
1179 1532 1273 1585 καὶ
1311 1530 1492 1585 πολλα
1531 1552 1627 1599 της
1665 1545 1837 1600 σωτη-

149 1617 272 1682 ρίας
308 1613 411 1685 τὴν
434 1615 739 1687 ἶθοὶλαῇιζταν
778 1615 1139 1682 ὀνειδίζοντες
1171 1614 1243 1679 ὠς
1279 1615 1623 1685 ἀνυβρίστου
1659 1615 1843 1668 θανά-

146 1717 248 1751 του
297 1697 673 1773 φθονήσασαν
722 1701 814 1752 καὶ
864 1703 1224 1770 φοβερωτέρα
1253 1706 1341 1769 ,γῇ
1393 1702 1486 1753 καὶ
1522 1702 1844 1770 προσδοκίᾳ

147 1779 541 1851 παραδοῦσαν,
570 1782 837 1852 ἀθέσμοις
862 1786 1179 1852 βουλήμασι
1218 1788 1441 1854 λῃστῶν
1469 1785 1840 1853 ἐκκειμένους.

147 1860 238 1919 οἷα
263 1863 374 1934 γὰρ
401 1867 489 1919 καὶ
523 1868 870 1936 ἐπεχείρουν,
911 1866 1069 1920 οὔπω
1099 1869 1302 1936 σχεδὸν
1328 1871 1424 1936 τῆς
1449 1871 1549 1936 γῆς
1577 1869 1839 1936 ἐπιβεβη-

60 1989 65 2002 .
147 1953 307 2014 κότες
344 1952 402 2004 οἶ
435 1951 730 2020 ἀλιτήριοι.
801 1952 1129 2019 χαριστήρια
1166 1953 1346 2020 δῆθεν
1373 1953 1690 2004 Ποσειδῶνι
1725 1952 1842 2004 θύ-

150 2056 234 2089 ειν
270 2036 583 2103 βούλεσθαι
623 2036 934 2104 φήσαντες,
986 2031 1144 2088 οἶνον
1178 2037 1281 2104 μὲν
1327 2034 1539 2101 Τύριον
1577 2037 1670 2087 καὶ
1712 2033 1838 2088 ἄλλ’

150 2118 286 2172 ἄττα
324 2123 420 2188 τῆς
456 2118 597 2181 νεώς
636 2119 968 2187 ἐξεκόμιζον,
1009 2119 1334 2188 βοσκήματα
1363 2121 1423 2172 δὲ
1453 2121 1516 2172 ἐκ
1542 2123 1655 2173 τῶν
1682 2118 1839 2188 πέριξ

149 2206 372 2273 χωρίων
419 2202 550 2265 τοὺς
597 2201 990 2272 ὠνησομένους
1039 2203 1400 2272 ἀπέστελλον,
1460 2203 1736 2273 ἀργύριόν
1781 2223 1840 2256 τε

151 2285 287 2340 ὅσον
326 2292 593 2340 πλεῖστον
632 2287 1066 2356 ἐγχειρίσαντες,
1117 2287 1209 2341 καὶ
1255 2291 1459 2358 τίμημα
1512 2290 1574 2341 τὸ
1614 2291 1840 2354 πρῶτον

151 2371 485 2441 αἰτούμενον
521 2371 741 2423 διδόναι
778 2372 1158 2435 κελεύσαντες.

258 2454 332 2518 ὥς
369 2455 429 2507 δὲ
471 2455 683 2508 ἐκεῖνοί
714 2475 771 2508 τε
798 2455 1026 2523 τάχιστα
1054 2459 1334 2525 παρῆσαν,
1375 2454 1512 2523 ὅλην
1540 2455 1841 2523 προβάτων

150 2541 243 2592 καὶ
269 2543 426 2593 συῶν
452 2537 661 2607 ἀγέλην
683 2538 1019 2601 ἐλαύνοντες
1030 2581 1045 2608 ,
1075 2540 1131 2592 οἵ
1151 2559 1210 2592 τε
1236 2537 1375 2592 κατὰ
1400 2542 1589 2607 χώραν
1608 2543 1840 2607 μείναν-

149 2644 237 2687 τες
261 2621 667 2691 ὑποδεξάμενοι
694 2625 885 2692 πυροὶν
912 2643 969 2676 τε
999 2623 1233 2691 ἐξῆπτον
1260 2622 1352 2675 καὶ
1378 2625 1444 2675 τὰ
1471 2620 1696 2692 θύματα
1723 2625 1840 2676 δεί-

1873 625 1894 658 5

1873 1041 1913 1075 10

1875 1463 1912 1494 15

1870 1882 1912 1916 20

153 2728 350 2777 ραντες
375 2707 704 2777 ηὐτρέπιζον
730 2714 832 2776 τὴν
861 2705 1118 2776 εὐωχίαν,
1157 2706 1488 2777 ῥ-Τραχῖνος
1514 2708 1628 2778 ἰδία
1651 2726 1719 2776 με
1745 2706 1838 2759 καὶ
1866 2718 1910 2753 30

151 2797 266 2846 τῶν
286 2791 474 2846 ἄλλων
501 2793 577 2854 είς
605 2790 853 2860 ἀνήκοον
880 2790 1241 2859 παραλαβών,
1270 2782 1312 2842 ὦ
1338 2790 1538 2860 πάτερ,
1566 2794 1702 2860 ἔφη,
1727 2795 1846 2843 θυ-.

152 2879 357 2946 γατέρα
394 2874 496 2944 τὴν
535 2873 643 2944 σὴν
683 2875 900 2944 ἐμαυτῷ
939 2876 1184 2944 γαμετὴν
1219 2875 1698 2944 ἐμνηστευσάμην,
1746 2872 1840 2927 καὶ
1891 2913 1908 2950 3
