1916 3132
774 139 1153 190 AEYTEPON
1743 136 1812 190 69

113 283 291 337 νύκτα
319 281 802 350 συγκατεκλείσθη
829 281 906 349 τῷ
944 278 1212 348 γήμαντι,
1253 275 1375 330 κατ’
1405 274 1584 345 αὐτὴν
1608 274 1642 346 ἡ
1672 277 1814 330 δυσ-

111 365 281 436 τυχὴς
317 365 604 432 ἐτελεύτα,
645 367 898 433 σκηπτοῦ
915 357 1098 426 *τινὸς
1131 360 1168 430 ἢ
1206 361 1602 431 χειροποιήτου
1636 359 1815 429 πυρὸς

114 460 229 513 τοῖς
253 450 530 520 θαλάμοις
557 448 913 518 ἐμπεσόντος.
973 444 1068 500 καὶ
1093 443 1194 500 τὸν
1230 444 1505 514 ὑμέναιον
1531 445 1815 516 ᾀδόμενον

113 537 194 589 ἔτι
232 536 508 603 διεδέχετο
546 537 788 602 θρῆνος,
839 531 932 585 καὶ
971 530 1079 584 ἀπὸ
1125 533 1242 584 τῶν
1281 531 1603 584 παστάδων
1624 531 1716 584 ἐπὶ
1752 528 1816 584 τὸ

113 621 302 689 μνῆμα
339 619 754 687 παρεπέμπετο·
796 617 890 670 καὶ
928 618 1095 688 δᾷδες
1129 616 1191 669 αἱ
1210 614 1273 669 τὸ
1298 615 1577 686 γαμήλιον
1605 615 1818 685 ἐκλάμ-

110 711 287 768 ψασαι
325 706 479 773 φῶς,
519 696 687 756 αὗται
725 703 818 756 καὶ
856 699 961 770 τὴν
1003 701 1328 770 ἐπικήδειον
1366 698 1652 770 πυρκαϊὰν
1694 699 1818 769 ἐξῆ-

76 849 81 854 ,
110 805 272 842 πτον.
315 787 693 858 ἐπετραγῴδει
714 788 897 858 τούτῳ
922 789 999 857 τῷ
1027 785 1267 856 δράματι
1294 786 1388 838 καὶ
1413 785 1609 855 ἕτερον
1636 783 1819 848 πάθος

42 1060 83 1093 10

42 1905 84 1938 20

112 870 142 926 ὅ
180 873 426 942 δαίμων,
465 873 559 925 καὶ
597 870 701 941 τὴν
739 873 949 941 μητέρα
986 891 1080 942 μοι
1118 873 1216 940 τῆς
1253 869 1457 933 παιδὸς
1494 869 1818 938 άφαιρεῖται

111 966 228 1020 τοῖς
251 956 489 1026 θρήνοις
516 957 1026 1026 ἐγκαρτερήσασαν.
1096 953 1159 1008 τὸ
1187 955 1249 1008 δὲ
1275 957 1561 1024 θεήλατον
1585 957 1687 1008 τοῦ
1714 974 1818 1007 κα-

113 1044 219 1095 κοῦ
244 1040 318 1111 μὴ
347 1042 559 1111 φέρων,
602 1042 847 1111 ἐμαυτόν
881 1041 987 1110 μὲν
1024 1037 1130 1093 οὐκ
1172 1038 1350 1108 ἐξάγω
1377 1042 1480 1093 τοῦ
1505 1042 1665 1108 βίου,
1703 1048 1820 1103 τοῖς

112 1128 492 1194 θεολογοῦσιν
526 1123 599 1188 ὥς
636 1125 905 1196 ἀθέμιτον
941 1123 1004 1178 τὸ
1042 1128 1271 1195 πρᾶγμα
1307 1123 1671 1194 πειθόμενος,
1707 1122 1820 1177 ὑπ-

116 1210 293 1278 εξάγω
332 1211 394 1263 δὲ
432 1214 531 1280 τῆς
570 1209 913 1279 ἐνεγκούσης
951 1208 1045 1262 καὶ
1084 1208 1188 1278 τὴν
1229 1210 1468 1278 ἐρημίαν
1506 1213 1603 1278 τῆς
1641 1210 1820 1272 οἰκίας

112 1295 514 1363 ἀποδιδράσκω
529 1313 539 1325 ·
570 1295 710 1364 μέγα
728 1295 837 1364 γάρ
857 1314 910 1347 τι
932 1295 1008 1356 εἰς
1030 1294 1215 1362 λήθην
1234 1292 1478 1363 κακῶνὴ
1502 1292 1579 1347 δι’
1595 1290 1817 1362 ὀφθαλ-

110 1383 236 1448 μῶν
283 1382 381 1450 τῆς
426 1373 610 1448 ψυχῆς
659 1378 978 1448 ὑπόμνησις
1030 1374 1447 1447 άμαυρουμένη.
1533 1378 1628 1431 καὶ
1677 1381 1819 1431 πολ-

66 1482 86 1514 5
115 1467 234 1527 λοῖς
261 1462 643 1534 ἐμπλανηθεὶς
667 1464 884 1531 τόποις,
912 1457 1098 1532 ἦλθον
1125 1458 1194 1531 δὴ
1221 1464 1315 1515 καὶ
1343 1464 1421 1525 εἰς
1445 1460 1549 1532 τὴν
1577 1461 1684 1532 σὴν
1709 1467 1819 1515 Αἴ-

115 1566 334 1619 γνπτον
373 1547 467 1601 καὶ
506 1549 918 1611 Καταδούπους
955 1546 1199 1614 αὐτούς,
1240 1547 1378 1599 καθ’
1409 1548 1666 1617 ἱστορίαν
1702 1550 1818 1600 τῶν

116 1637 522 1703 καταρρακτῶν
557 1637 659 1687 τοῦ
708 1636 943 1686 Νείλου.

219 1722 317 1788 τῆς
350 1719 456 1788 μὲν
491 1712 597 1771 οῦν
625 1719 807 1771 ἐκεῖσε
842 1715 1084 1787 ἀφίξεως
1111 1718 1251 1785 ἔχεις
1283 1715 1383 1770 τὸν
1411 1715 1814 1788 ἀπολογισμόν,
1836 1719 1908 1772 30

19 1797 22 1802 ’
115 1796 161 1857 οἷ
188 1805 377 1871 φίλος·
418 1801 494 1871 ἣν
528 1804 594 1856 δέ
630 1816 692 1856 σε
732 1802 1013 1871 βούλομαι
1050 1802 1679 1871 παρενθήκηνψνῶναι
1716 1806 1819 1856 τοῦ

115 1887 479 1957 διηγήματος,
518 1889 736 1956 μᾶλλον
774 1887 864 1954 δέ,
906 1884 1289 1956 ἀληθέστερον
1326 1887 1533 1955 εἰπεῖν,
1574 1882 1710 1940 αὐτὸ
1749 1885 1817 1956 δή

114 1969 176 2025 τὸ
203 1971 545 2042 κεφάλαιον,
573 1971 810 2024 άλύοντί
830 1990 924 2039 μοι
954 1968 1095 2023 κατα
1122 1969 1225 2040 τὴν
1251 1971 1420 2024 πόλιν
1446 1970 1539 2025 καὶ
1567 1973 1819 2026 διατιθε-

112 2057 263 2127 μένῳ
300 2054 406 2124 τήν
444 2055 655 2126 σχολὴν
680 2058 782 2109 καί
813 2075 940 2109 τινα
967 2059 1083 2108 τῶν
1122 2053 1257 2124 παρ’
1287 2054 1520 2125 ’Ἐλλησι
1561 2058 1818 2110 σπανίων

115 2140 419 2212 ὠνουμένῳ
458 2139 586 2210 (ἤδη
623 2143 734 2209 γάρ
760 2160 855 2209 μοι
888 2143 988 2209 τῆς
1013 2142 1143 2193 λίαν
1170 2139 1484 2209 άλγηδόνος
1518 2145 1594 2212 τῷ
1630 2141 1818 2212 χρόνῳ

114 2228 450 2296 πεττομένης
476 2223 510 2294 ἡ
549 2225 690 2294 πρὸς
715 2222 819 2294 τὴν
847 2224 1196 2293 ε’νεγκοῦσαν
1227 2225 1504 2289 ἐπάνοδος
1531 2226 1818 2279 ἐσπουδά-

67 2329 86 2360 5
115 2314 259 2380 ζετο)
298 2308 442 2379 ἀνήρ
479 2329 562 2372 τις
599 2309 886 2377 πρόσεισι,
925 2308 993 2362 τὰ
1018 2309 1123 2377 μὲν
1151 2308 1295 2362 ἄλλα
1322 2308 1526 2378 σεμνὸς
1553 2311 1697 2363 ἰδεῖν
1723 2308 1818 2364 καὶ

115 2394 408 2464 α’γχίνοιαν
445 2392 555 2448 άπὸ
594 2397 695 2446 τοῦ
720 2394 1031 2463 βλέμματος
1058 2394 1400 2463 ἐμφανίζων,
1437 2392 1562 2463 ἄρτι
1587 2395 1692 2463 μὲν
1718 2394 1817 2447 τὸν

114 2482 329 2550 ἔφηβον
354 2478 741 2548 παραλλάξας,
769 2477 871 2548 τὴν
896 2476 1096 2547 χροιὰν
1122 2479 1184 2531 δὲ
1210 2477 1460 2549 άκριβῶς
1484 2481 1669 2549 μέλας.
1722 2482 1821 2533 καί

114 2583 183 2633 με
207 2561 480 2633 ἠσπάζετο
498 2604 514 2632 ,
544 2566 647 2617 καί
665 2583 719 2617 τι
744 2562 1058 2631 βούλεσθαι
1086 2564 1200 2635 ἰδία
1227 2565 1461 2633 φράζειν
1486 2565 1696 2632 ἔλεγεν,
1726 2563 1819 2618 ἑλ-

115 2651 353 2718 ληνίζων
391 2647 461 2702 οὐ
498 2651 755 2718 βεβαίως.
814 2649 954 2717 ἐμοῦ
993 2649 1055 2701 δὲ
1094 2647 1326 2718 ἑτοίμως
1361 2647 1813 2716 ὑπακούσαντος,

0 2722 2 2726 ’
46 2749 88 2784 30
121 2737 199 2796 εἴς
223 2751 348 2786 τινα
375 2731 526 2786 νεών
552 2735 967 2803 παρακείμενον
995 2734 1332 2802 εἰσαγαγών,
1373 2733 1564 2802 φύλλα
1598 2733 1725 2787 τινά
1752 2747 1816 2786 σε

116 2815 210 2872 καὶ
236 2817 412 2887 ῥίζας,
454 2820 589 2888 ἔφη,
627 2821 742 2872 τῶν
775 2815 1026 2871 Ἰνδικῶν
1060 2817 1152 2871 καὶ
1182 2820 1539 2872 Αἰθιοπικῶν
1578 2816 1671 2871 καὶ
1712 2817 1816 2868 Αἰ-

117 2906 370 2971 γυπτίων
397 2900 725 2972 ὠνούμενον
754 2901 990 2969 ἑώρακα.
1034 2902 1085 2954 εἰ
1103 2900 1172 2972 δὴ
1201 2896 1309 2956 οῦν
1335 2900 1620 2971 ἀκραιφνῆ
1640 2893 1816 2954 ταῦτα
