1916 3132
11 1071 50 1106 10

8 1495 48 1529 15

5 1919 47 1952 20

5 2341 49 2374 25

198 67 229 86 U
242 22 339 88 fv
362 22 496 62 ‚Ar-<-
525 0 746 78 οἰωνῶν
758 0 900 86 ἑννῖζ)

789 147 1087 197 ΠΡΩΤΟΝ
1717 145 1784 197 27

83 289 196 343 ἔδει
222 290 300 358 τῷ
328 291 425 356 τῆς
449 285 622 355 ἀρχῆς
649 284 1085 354 ἀποχρήσασθαι
1111 284 1291 355 νόμῳ,
1320 283 1544 346 πάντως
1566 283 1786 353 ἐξήρκει

80 393 175 442 μοι
200 371 263 426 τό
299 372 640 441 βούλεσθαι·
683 372 977 466 βιάζεσθαι
1013 369 1119 439 γὰρ
1158 362 1242 432 οἷς
1270 367 1425 436 ἐξόν,
1464 369 1527 423 τὸ
1557 369 1784 423 πυνθά-

81 462 283 511 νεσθαι
321 457 601 526 περιττόν.
683 457 734 508 εί
770 456 831 508 δὲ
868 453 1045 525 γάμος
1080 456 1142 509 τὸ
1180 455 1504 523 γινόμενον,
1544 452 1606 508 τὸ
1647 453 1780 521 παρ’

81 539 414 611 ἀμφοτέρων
450 542 709 610 βούλημα
748 540 1051 594 συννεύειν
1100 537 1428 607 ἀναγκαῖον.
1506 540 1599 592 καὶ
1639 536 1786 591 άπο-

81 624 322 695 στρέψας
346 624 448 680 τὸν
473 627 666 694 λόγον,
695 629 812 687 πῶς
839 645 946 678 ουν
974 629 1116 694 ἔχεις
1142 645 1184 677 ω
1216 627 1357 693 κόρη
1385 621 1526 693 πρὸς
1552 621 1614 677 τὸ
1644 638 1782 677 συν-

79 721 257 765 οικεῖν
280 708 440 780 ἦμῖν;
483 711 744 780 διηρτότα.
819 712 913 763 καὶ
952 710 1066 779 ἅμα
1103 712 1253 772 τίνες
1292 705 1407 763 εἷεν
1431 704 1472 778 ἦ
1499 710 1561 763 ἐκ
1588 712 1782 778 τίνων,

81 795 312 865 φράζειν
351 796 628 850 ἐκέλευεν.

181 880 222 950 ἡ“
247 882 308 935 δὲ
335 878 518 934 πολύν
543 901 671 934 τινα
710 882 919 950 χρόνον
947 879 1008 933 τὸ
1034 880 1253 950 βλέμμα
1290 884 1358 949 τῇ
1387 883 1459 950 γῇ
1485 882 1782 948 προσερεί-

71 981 254 1034 »σασα,
293 965 388 1019 καὶ
414 964 603 1019 πυκνά
629 965 734 1035 τὴν
762 963 1018 1035 κεφαλὴν
1048 967 1407 1034 ἐπισείουσα,
1447 965 1622 1034 λόγον
1656 963 1783 1018 τινα

80 1051 174 1103 καὶ
213 1051 437 1114 ἐννοίας
474 1050 761 1118 ἀθροίζειν
801 1052 993 1122 ἐῴκει·
1067 1049 1160 1103 καὶ
1207 1050 1277 1119 δή
1328 1068 1464 1103 ποτε
1504 1048 1646 1116 πρὸς
1684 1048 1783 1103 τὸν

83 1135 301 1204 Θύαμιν
327 1133 734 1205 ἀντωπήσασα,
772 1138 864 1189 καὶ
900 1137 1073 1189 πλέον
1105 1131 1143 1204 ἢ
1177 1134 1457 1203 πρότερον
1492 1132 1667 1187 αὐτὸν
1707 1138 1784 1204 τῷ

78 1220 272 1273 κάλλει
298 1222 738 1287 καταστράψασα
773 1220 889 1290 (καὶ
915 1219 1023 1289 γὰρ
1053 1223 1384 1287 πεφοίνικτο
1411 1221 1516 1288 τὴν
1542 1218 1782 1287 παρειὰν

77 1301 187 1357 ὑπὸ
224 1308 338 1359 τῶν
377 1305 793 1406 ἐνθυμημάτων
820 1307 994 1359 πλέον
1018 1302 1055 1374 η’
1083 1305 1358 1373 σύνηθες,
1399 1307 1492 1357 καὶ
1518 1304 1581 1357 τὸ
1609 1306 1777 1373 βλέμ-

77 1409 153 1457 μα
191 1392 449 1460 κεκίνητο
488 1392 627 1456 πρὸς
665 1388 727 1443 τὸ
777 1391 1177 1491 γοργότερον),
1233 1389 1643 1459 ἑρμηνεύοντος
1680 1394 1780 1442 τοῦ

76 1474 417 1544 Κνήμωνος,
442 1454 702 1543 ἷμᾶλλον,
743 1478 883 1544 ἔφη,
926 1473 955 1527 ὁ
993 1475 1098 1543 μὲν
1137 1474 1300 1542 λόγος
1337 1473 1574 1543 ἥρμοζεν
1614 1472 1781 1528 ἀδελ-

79 1562 170 1630 φῷ
206 1563 283 1630 τῷ
323 1561 436 1630 ἐμῶ
479 1559 744 1627 Θεαγένει
792 1559 998 1630 τούτῳ·
1063 1560 1299 1626 πρέπειν
1334 1580 1442 1628 γαρ
1483 1555 1635 1627 οἶμαι
1673 1579 1780 1627 γυ-

77 1645 231 1697 ναικὶ
282 1645 385 1714 μὲν
442 1641 631 1711 σιγὴν
664 1642 831 1712 άνδρι
882 1616 947 1698 δέ
999 1643 1304 1711 ἀπόκρισιν
1357 1646 1420 1698 ἐν
1470 1643 1777 1712 ἀνδράσιν

80 1725 271 1798 ἐπειδὴ
339 1730 400 1782 δὲ
466 1726 632 1797 κάμοὶ
700 1730 874 1797 λόγου
938 1730 1390 1797 μεταδεδώκατε,
1454 1728 1548 1782 καὶ
1611 1734 1778 1782 τοῦτο
1797 1727 1864 1779 22

76 1817 302 1880 πρῶτον
341 1813 604 1882 ἔνδειγμα
644 1817 1082 1883 φιλανθρωπίας
1107 1817 1441 1883 παρέχεσθε,
1481 1816 1543 1869 τὸ
1587 1821 1784 1868 πειθοῖ

75 1901 291 1967 μᾶλλον
316 1895 352 1968 ἢ
377 1900 473 1969 βία
498 1900 611 1952 τῶν
647 1900 886 1952 δικαίων
911 1904 1217 1966 πειρᾶσθαι
1243 1901 1566 1968 τυγχάνειν,
1595 1900 1780 1963 ἄλλως

77 2003 136 2037 τε
174 1984 316 2037 διότι
354 1983 447 2036 καὶ
485 1981 548 2036 τὸ
587 1987 699 2036 πᾶν
728 1985 807 2046 εἰς
847 1986 942 2054 ἐμὲ
980 1988 1151 2038 τείνει
1177 1988 1292 2038 τῶν
1321 1984 1651 2054 εἰρημένων,
1684 1987 1779 2039 ἐκ-

76 2070 297 2137 βαίνειν
346 2066 724 2137 ἀναγκάζομαι
770 2067 902 2131 τούς
954 2071 1194 2139 ἐμαυτῆς
1242 2089 1300 2123 τε
1339 2069 1433 2122 καὶ
1473 2071 1779 2137 παρθένων

77 2154 314 2223 νόμους,
355 2153 446 2205 καὶ
483 2151 621 2219 πρὸς
658 2151 762 2221 τὴν
800 2157 1004 2207 πεῦσιν
1030 2157 1132 2207 τοῦ
1170 2158 1514 2221 κρατοῦντος
1541 2152 1780 2223 ἀποκρί-

75 2243 308 2305 νασθαι,
349 2237 476 2305 περὶ
514 2239 700 2305 γάμου
738 2239 831 2291 καὶ
870 2242 1046 2292 ταῦτα
1073 2240 1166 2291 καὶ
1203 2239 1266 2292 ἐν
1292 2236 1465 2309 ὁμίλῳ
1495 2241 1781 2294 τοσούτων

79 2319 320 2390 ἀνδρῶν.
365 2325 481 2376 ἔστι
508 2323 569 2376 δὲ
595 2321 661 2375 τοὶ
693 2323 820 2391 περὶ
846 2320 1006 2391 ἡμῶν
1031 2323 1235 2376 τοιάδε.
1289 2326 1452 2392 γένος
1477 2329 1581 2392 μέν
1610 2327 1780 2393 ἐσμεν

79 2406 286 2475 Ἴωνες,
309 2405 582 2476 Ἐφεσίων
604 2407 663 2461 δε
685 2427 752 2460 τα
780 2426 974 2508 πρωτα
996 2411 1297 2476 γεγονότες
1324 2407 1415 2462 καὶ
1438 2399 1815 2478 ἀμφιθαλεῖς”

5 2552 23 2564 ἱ
78 2489 261 2561 ὄντες,
319 2494 500 2560 νόμου
555 2489 688 2555 τούς
735 2492 1027 2554 τοιούτους
1082 2497 1393 2556 καλοῦντος
1443 2495 1775 2562 ἶερατεύειν,

1138 2579 1150 2597 ἱ
1198 2577 1210 2596 P
1259 2578 1271 2597 2
1325 2577 1336 2594 ἱ

79 2680 172 2723 τος
198 2661 595 2730 ἐλαγχάνομεν.
665 2662 918 2715 ἐπετείου
954 2663 1016 2716 δε
1043 2667 1139 2731 τῆς
1165 2668 1327 2732 τιμῆς
1355 2660 1529 2732 οὔσης
1555 2666 1648 2716 καὶ
1675 2667 1778 2716 τοῦ

10 2763 52 2799 ao
82 2745 293 2814 χρόνον
319 2747 718 2815 πληρουμένου
754 2750 1004 2818 θεωρίαν
1033 2748 1110 2809 εἰς
1134 2751 1332 2815 Δῆλον
1357 2747 1597 2816 ἤγομεν,
1636 2750 1779 2800 ἔνθα

83 2830 391 2899 μουσικούς
429 2849 487 2883 τε
525 2831 617 2882 καὶ
655 2828 967 2898 γυμνικοὺς
1004 2829 1230 2899 ἀγῶνας
1268 2833 1647 2901 διαθήσεσθαι
1688 2831 1779 2883 καὶ

82 2911 185 2982 τήν
224 2914 542 2984 ἱερωσύνην
568 2913 966 2984 ἀποθήσεσθαι
1004 2917 1144 2968 κατά
1182 2937 1234 2969 τι
1273 2920 1513 2984 πάτριον
1553 2916 1781 2983 ἐμέλλο-

1482 3009 1517 3036 Q
