1916 3132
173 82 282 134 120
883 82 1046 126 LIBRI
1077 83 1142 128 VI

285 203 355 272 [p.
383 203 467 255 99.
491 203 579 272 E]
620 202 769 255 Tunc
792 202 1000 287 Bffibe
1022 205 1182 273 pedes
1207 205 1321 258 61116
1347 205 1600 258 aduoluta
1622 210 1676 259 et
1705 204 1859 260 uberi

169 278 301 330 fletu
340 278 520 347 rigans
562 278 687 329 deae
726 278 956 347 uestigia
995 278 1324 348 humumque
1366 298 1583 332 uerrens
1622 281 1858 335 crinibus

172 352 300 421 61116,
331 352 632 420 multiiugis
663 352 910 420 precibus
942 353 1125 422 editis,
1163 354 1375 406 ueniam
1406 353 1714 423 postulabat
1745 355 1860 424 ‘per

171 444 270 496 ego
311 429 363 478 te
401 426 715 494 frugiferam
754 429 903 478 tuam
929 427 1213 479 'dexteram
1253 428 1412 480 istam
1451 428 1725 498 deprecor,
1761 448 1859 498 per

169 500 427 553 laetificas
468 500 722 551 messium
755 501 1116 570 caerimoniaS‚
1153 521 1247 570 per
1277 502 1440 555 tacita
1471 506 1674 555 secreta
1704 503 1856 556 cista-
1902 525 1916 558 fi

169 594 290 626 rum
332 578 384 626 et
421 593 517 642 per
555 574 878 626 famulorum
917 578 1133 627 tuorum
1173 576 1461 629 draconum
1492 576 1714 645 pinnata
1738 573 1857 630 ⁸cur-

171 648 341 700 ricula
379 651 433 700 et
464 648 648 718 glebae
691 647 898 701 Siculae
938 649 1230 702 sulcamina
1249 653 1321 737 set
1361 669 1574 703 currum
1612 669 1858 720 rapacem

172 726 226 774 et
264 726 461 775 terram
500 726 739 775 tenacem
780 726 832 775 et
864 723 1244 776 inluminarum
1267 723 1616 793 Proserpinae
1648 725 1857 778 nubtia-

169 815 290 848 rum
330 782 726 849 demeaculasset
763 796 1149 849 luminosarum
1188 798 1330 850 filiae
1369 799 1740 851 inuentionum
1760 809 1856 852 *re-

170 871 408 923 meacula
447 874 500 923 et
539 874 712 923 cetera
751 890 884 939 quae
924 872 1135 924 silentio
1175 873 1312 941 tegit
1341 872 1612 925 Eleusinis
1643 871 1855 926 Atticae
1879 896 1916 928 10

170 946 475 1014 sacrarium,
514 945 841 997 miserandae
879 945 1115 1013 Psyches
1156 947 1386 1015 animae,
1425 946 1685 1015 supplicis,
1718 949 1857 1016 tuae,

170 1019 416 1071 subsiste.
493 1019 633 1072 inter
679 1019 839 1071 istam
890 1020 1155 1088 spicarum
1203 1020 1502 1090 congeriem
1549 1023 1731 1089 patere
1768 1021 1877 1074 uel·
1910 1049 1913 1052 ·

171 1089 428 1162 pauculos
470 1093 581 1145 dies
622 1093 950 1162 delitescam,
998 1094 1172 1162 quoad
1223 1094 1348 1147 deae
1395 1097 1574 1147 tantae
1615 1095 1856 1161 saeuiens

173 1169 252 1220 ira
291 1167 463 1236 spatio
504 1168 759 1236 temporis
790 1167 1071 1237 mitigetur
1101 1167 1187 1220 uel
1220 1172 1360 1221 certe
1391 1187 1538 1221 meae
1570 1169 1712 1221 uires
1745 1169 1856 1222 diu-

170 1243 284 1294 tino
324 1242 504 1294 labore
542 1242 713 1294 fessae
753 1242 947 1310 quietis
987 1241 1271 1294 interuallo
1310 1242 1612 1295 leniantur.'
1878 1264 1916 1298 15

281 1314 377 1368 III.
419 1314 656 1384 Suscipit
686 1314 858 1385 §gres
877 1316 1003 1368 etuis
1037 1316 1250 1385 quidem
1281 1316 1577 1369 lacrimosis
1607 1316 1854 1385 precibus

170 1393 224 1443 et
264 1408 603 1442 commoueor
649 1393 702 1442 et
749 1389 1002 1458 opitulari
1048 1391 1203 1458 cupio
1251 1391 1342 1443 sed
1388 1394 1643 1461 cognatae
1692 1409 1866 1459 meae,-

170 1483 292 1517 cum
332 1483 436 1532 qua
475 1464 636 1516 etiam
675 1463 862 1516 foedus
901 1465 1182 1533 antiquum
1221 1465 1484 1517 amicitiae
1516 1464 1647 1534 0010,
1685 1465 1854 1518 bonae

169 1541 443 1608 praeterea
481 1538 708 1590 feminae
748 1538 942 1590 malam
982 1538 1210 1608 gratiam
1250 1539 1427 1591 subire
1474 1557 1693 1608 nequeO.
1770 1538 1854 1591 de-

171 1612 295 1665 cede
349 1612 528 1680 itaque
585 1612 647 1663 de
695 1612 813 1664 istis
862 1612 1078 1664 aedibus
1128 1613 1373 1682 protinus
1420 1615 1474 1665 et
1513 1613 1655 1682 quod
1702 1631 1733 1664 a
1768 1630 1916 1667 mezu

170 1688 379 1739 retenta
418 1685 787 1754 custoditaque
826 1704 933 1738 non
971 1686 1136 1739 fueris
1156 1687 1365 1755 'optimi
1404 1686 1654 1739 consule?

283 1759 480 1812 Contra
530 1778 678 1827 spem
726 1778 877 1811 suam
924 1760 1137 1828 repulsa
1173 1759 1380 1828 Psyche
1428 1763 1481 1813 et
1519 1760 1718 1813 afflicta
1764 1759 1854 1812 du·
1912 1790 1916 1794 -

168 1834 297 1903 plici
334 1833 603 1885 maestitia
642 1833 744 1884 iter
781 1836 1073 1885 retrorsum
1122 1835 1400 1903 porrigens
1439 1835 1579 1886 inter
1617 1833 1852 1886 subsitae

170 1907 429 1961 conuallis
484 1907 820 1959 sublucidum
874 1906 1053 1958 lucum
1106 1907 1365 1975 prospicit
1415 1908 1600 1959 fanum
1649 1906 1854 1959 sollerti

169 1982 372 2034 fabrica
410 1984 673 2033 structum
711 1999 807 2032 nec
856 1980 1020 2032 ullam
1067 1980 1155 2032 uel
1201 1981 1415 2032 dubiam
1464 1981 1578 2049 spei
1615 1980 1852 2033 melioris
1875 2001 1916 2035 25

169 2056 314 2108 uiam
365 2055 551 2107 uolens
598 2054 844 2107 omittere
891 2055 983 2106 sed
1029 2054 1171 2106 adire
1219 2054 1597 2123 cuiuscumque
1645 2054 1728 2106 dei
1767 2073 1853 2107 ue-

169 2130 330 2197 niam,
370 2129 588 2181 sacratis
638 2128 843 2180 foribus
888 2128 1169 2197 proximat.
1244 2128 1392 2180 uidet
1438 2128 1575 2180 dona
1619 2127 1855 2196 pretiosa

171 2207 226 2259 et
263 2203 483 2255 lacinias
523 2221 651 2254 auro
697 2202 960 2254 litteratas
1006 2202 1168 2254 ramis
1215 2202 1464 2253 arborum
1503 2202 1852 2271 postibusque

170 2277 408 2345 suffixas,
448 2295 581 2345 quae
621 2295 741 2328 cum
781 2276 954 2345 gratia
983 2276 1112 2328 facti
1142 2293 1335 2327 nomen
1369 2276 1493 2327 deae
1526 2277 1611 2328 cui
1641 2275 1853 2328 fuerant

293 2443 314 2480 1
360 2437 506 2480 ubera
538 2453 573 2492 φ
607 2438 700 2492 (secl
722 2451 864 2480 manu
885 2437 1035 2492 rescr.)
1128 2440 1168 2479 8.
1188 2440 1213 2478 9
1245 2435 1516 2478 nubtiarum
1538 2435 1574 2478 F
1607 2408 1852 2492 (scriptumd

165 2512 251 2554 per
279 2497 311 2540 b
342 2497 460 2541 redit
498 2497 626 2539 modo
660 2497 850 2552 103.13)
904 2493 1173 2551 nuptiarum
1203 2511 1238 2550 φ
1390 2499 1445 2538 10
1486 2493 1612 2538 616116
1651 2493 1776 2537 inhis
1813 2493 1851 2537 F

133 2599 136 2602 Δ
173 2556 300 2600 616116
340 2562 358 2599 i
389 2554 462 2597 his
495 2571 530 2610 φ
643 2559 722 2622 ,13
755 2554 910 2609 quoad
942 2555 1040 2598 cdd.
1087 2553 1213 2608 quod
1243 2553 1294 2597 Ε.
1418 2557 1473 2596 14
1502 2566 1634 2596 meae
1666 2552 1790 2597 uires
1821 2553 1852 2596 δ

170 2660 420 2718 11166**1’1·66
451 2658 487 2700 F
517 2624 722 2701 meemres
756 2675 790 2714 φ
805 2672 837 2714 g
957 2661 1011 2700 15
1043 2655 1279 2700 leniantur
1310 2657 1406 2700 cdd.
1446 2656 1662 2699 leuentur
1692 2655 1850 2700 Rohde
1903 2647 1907 2651 Δ

173 2724 229 2762 20
270 2719 326 2762 de
365 2719 557 2762 deletum
586 2718 638 2760 in
675 2716 710 2758 F
750 2731 831 2760 om.
866 2717 941 2772 φδ
1089 2720 1142 2757 21
1185 2715 1359 2771 optime
1390 2716 1489 2759 cdd.
1640 2719 1696 2757 23
1741 2713 1850 2757 sub-

173 2778 301 2821 ditae
341 2778 436 2821 Pet.
470 2777 567 2820 coll.
603 2780 670 2819 78.
691 2780 744 2844 21
880 2780 932 2819 27
974 2773 1184 2831 speciosa
1223 2775 1252 2817 ὃ
1395 2779 1450 2817 28
1490 2774 1538 2817 61
1568 2772 1627 2816 F²
1672 2773 1759 2833 hec
1789 2772 1848 2815 F¹

172 2881 206 2924 h
239 2898 274 2937 φ
307 2882 363 2935 cf.
399 2884 569 2924 101.22
693 2883 747 2921 29
779 2845 868 2934 13111
897 2877 933 2920 F
987 2876 1103 2921 facti
1134 2894 1169 2934 φ
1223 2876 1324 2920 11011
1355 2877 1434 2920 Bl.
1473 2877 1531 2931 cf.
1570 2875 1698 2934 Very.
1731 2874 1846 2933 Aen.
1906 2863 1908 2865 ¹

347 2986 360 3012 Q

1382 3096 1431 3132 a}
