1916 3132
102 67 134 118 8
801 71 1102 119 ΠΡΩΤΟΝ

107 204 462 276 ἀμφοτέρους
500 203 705 276 ἄγοιεν.
766 208 956 270 συνεὶς
990 197 1095 260 οὖν
1133 203 1162 259 ὁ
1197 207 1508 278 λῄσταρχος
1533 206 1595 261 τὸ
1621 209 1724 276 μέν
1746 226 1800 262 τι

101 292 603 361 τοῖςὶλεγομένοις,
644 294 817 345 πλέον
854 292 915 345 δὲ
953 300 1067 353 τοῖς
1091 289 1355 360 νεύμασι,
1396 293 1489 345 καὶ
1515 290 1628 362 ἅμα
1656 308 1799 346 συν-

110 373 277 444 εργὸν
303 374 449 440 ἕξειν
477 378 555 439 εἰς
581 375 647 428 τὰ
683 378 914 446 μέγιστα
941 374 1039 430 τὸν
1064 379 1327 444 νεανίαν,
1367 378 1418 429 εἰ
1438 379 1800 447 περισωθείη,

103 459 516 529 προσδοκήσας,
547 460 926 528 καταβιβάσας
950 461 1051 513 τόν
1077 479 1136 513 τε
1161 459 1519 530 ὑπασπιστὴν
1542 459 1637 514 καὶ
1663 460 1795 514 ἑαυ-

103 540 205 597 τὸν
232 547 346 596 τῶν
372 545 561 598 ἵππων
589 543 915 598 ἀνατίθεται
946 542 1078 606 τούς
1104 544 1514 614 αἰχμαλώτους,
1543 543 1674 607 τοὺς
1697 545 1802 613 μὲν

107 622 319 691 ἄλλους
353 627 417 681 τοὶ
452 630 684 699 λάφυρα
721 631 1255 697 συσκευασαμένους
1289 630 1526 683 ἕπεσθαι
1552 631 1803 698 προστά-

109 711 235 782 ξας,
277 711 445 776 αὐτὸς
480 714 541 768 δὲ
582 714 642 767 ἐκ
679 712 852 776 ποδὸς
877 714 1182 782 παραθέων
1209 714 1300 766 καὶ
1327 715 1710 783 προσανέχων,
1754 718 1811 767 εἴ

107 801 209 851 ποί
233 817 315 859 τις
344 796 533 852 αὐτῶν
561 799 961 868 περιτρέποιτο.
1018 799 1112 850 καὶ
1137 791 1212 867 ἦν
1238 799 1402 866 δόξης
1428 796 1533 851 οὐκ
1563 795 1720 862 ἐκτὸς
1741 795 1805 852 τὸ

107 882 445 950 γινόμενον*
494 882 791 936 δουλεύειν
831 881 859 935 ὁ
898 881 1088 951 ἄρχων
1129 881 1420 951 ἐφαίνετο,
1462 882 1554 935 καὶ
1590 881 1799 952 ὑπηρε-

106 971 329 1020 τεῖσθαι
369 964 398 1019 ὀ
436 970 660 1036 κρατῶν
699 977 814 1030 τοῖς
852 966 1159 1020 ἑαλωκόσιν
1183 963 1387 1037 ᾑρεῖτο.
1440 965 1616 1030 οὕτως
1643 966 1801 1040 εὐγε-

0 1070 51 1096 m.
108 1053 262 1114 νείας
310 1053 548 1120 ἔμφασις
593 1052 687 1105 καὶ
734 1051 978 1114 κάλλους
1025 1049 1152 1114 ὄψις
1189 1050 1282 1103 καὶ
1299 1046 1626 1120 ΞἋηστρικὸν
1662 1042 1803 1122 ἦθος

111 1130 268 1188 οἶδεν
295 1132 647 1205 ὑποτάττειν,
687 1134 780 1189 καὶ
807 1143 1035 1203 κρατεῖν
1066 1134 1204 1204 [καὶ]
1233 1139 1347 1188 τῶν
1373 1132 1805 1204 αὕχμηροτέρων

109 1218 364 1273 δύναται.

46 1302 80 1353 5
217 1300 671 1374 παραμείψαντες
709 1298 814 1357 οὖν
854 1302 988 1357 ὅσον
1025 1303 1128 1356 δύο
1167 1303 1365 1357 στάδια
1389 1302 1489 1356 τὸν
1526 1301 1804 1372 αἰγιαλόν,

115 1388 484 1455 ἐκτραπέντες
523 1387 670 1442 εὐθύ
707 1393 809 1442 τοῦ
847 1387 1013 1455 ὅρους
1047 1386 1187 1457 πρὸς
1219 1387 1286 1441 τὰ
1325 1387 1494 1454 ὄρθια
1534 1386 1804 1456 ἐχώρουν,

113 1470 220 1540 τήν
261 1473 551 1527 θάλατταν
592 1475 654 1526 ἐν
692 1473 846 1544 δεξιᾷ
886 1475 1304 1542 ποιησάμενοι,χ
1331 1471 1424 1524 καὶ
1461 1469 1807 1541 ὑπερβάντες

112 1560 368 1624 χαλεπῶς
402 1557 499 1619 τὰς
536 1555 849 1625 ἀκρωρείας
887 1558 981 1609 ἐπί
1013 1576 1138 1609 τινα
1165 1559 1369 1626 λίμνην
1395 1553 1534 1609 κατὰ
1557 1556 1807 1624 θατέραν

113 1644 213 1693 τοῦ
266 1639 439 1709 ὄρους
485 1638 738 1708 πλευρὰν
785 1639 1199 1694 ὑποτείνουσαν
1245 1638 1558 1708 ἠπείγοντο.
1632 1631 1706 1708 ἦν
1743 1640 1804 1694 δὲ

121 1725 308 1778 τοιάδε
334 1745 431 1788 τις.
488 1726 772 1778 Βουκόλια
797 1726 900 1794 μὲν
927 1724 1148 1791 σύμπας
1173 1724 1431 1792 κέκληται
1458 1723 1598 1791 πρὸς
1622 1725 1805 1792 Αἰγυ-
1879 1729 1891 1740 “

114 1813 290 1862 πτίων
321 1805 349 1861 ὁ
375 1809 562 1876 τόπος,
592 1812 707 1862 ἔστι
734 1809 795 1863 δὲ
823 1807 1014 1871 κοιλὰς
1038 1811 1134 1876 τῆς
1160 1805 1363 1860 αὐτόθι
1388 1811 1507 1876 γῆς,
1534 1811 1636 1859 τοῦ
1665 1810 1806 1860 Νεί-

115 1896 219 1946 λου
257 1890 657 1962 ὑπερεκχύσεις
694 1891 848 1955 τινας
884 1890 1264 1960 ὑποδεχομένη
1313 1893 1404 1944 καὶ
1444 1894 1610 1960 λίμνη
1649 1910 1807 1958 γινο-

120 1979 289 2046 μένη,
329 1976 390 2030 τό
430 1978 533 2046 μὲν
571 1978 711 2030 κατὰ
747 1978 921 2045 μέσου
958 1977 1138 2043 βάθος
1176 1972 1429 2043 ἄπειρος,
1480 1974 1570 2027 ἐπὶ
1606 1975 1666 2027 δὲ
1707 1973 1807 2038 τὰς

110 2060 290 2130 ἄκρας
336 2064 413 2123 εἰς
463 2060 585 2124 ἕλος
624 2059 1076 2114 άποτελευτῶσα·
1136 2055 1167 2111 ὃ
1202 2058 1310 2126 ’γάρ
1347 2067 1466 2120 ταῖς
1501 2059 1807 2121 θαλάτταις

115 2147 378 2214 αἰγιαλοί,
406 2149 572 2198 τοῦτο
600 2155 718 2207 ταῖς
744 2148 965 2214 λίμναις
989 2141 1056 2196 τὰ
1082 2134 1178 2211 ἕλη
1204 2146 1434 2210 γίνεται.
1487 2144 1551 2196 ἐν
1577 2140 1644 2211 δὴ
1672 2143 1806 2195 τού-

113 2249 233 2291 τοις
260 2229 395 2283 ὅσον
422 2232 753 2297 Αἰγυπτίων
780 2227 1085 2298 λῃστρικὸν
1111 2223 1479 2280 πολιτεύεται.
1529 2222 1562 2279 ὃ
1585 2223 1806 2319 μὲνίιέπὶ

123 2318 225 2382 γῆς
245 2311 462 2382 ὀλίγης,
502 2319 556 2366 εἴ
571 2314 649 2384 πῄ
667 2334 749 2376 τις
769 2310 1022 2380 ὑπερέχει
1045 2315 1146 2364 τοῦ
1167 2307 1396 2379 ὕδατος,
1425 2310 1679 2378 καλύβην
1698 2328 1802 2380 πη-

125 2398 379 2467 ξάμενος,
411 2395 441 2448 ὃ
467 2396 528 2450 δὲ
558 2395 646 2449 ἐπὶ
676 2397 930 2465 σκάφους
954 2394 1213 2463 βιοτεύει,
1241 2400 1556 2462 πορθμεῖον
1581 2391 1643 2447 τὸ
1670 2391 1806 2447 αὐτὸ

116 2479 214 2534 καὶ
241 2480 563 2549 οἰκητήριον
591 2483 746 2547 ἔχων.
799 2478 887 2533 ἐπ’
917 2477 1092 2531 αὑτοῦ
1119 2479 1222 2547 μὲν
1248 2476 1436 2540 αὐτοῖς
1461 2478 1524 2529 αἱ
1543 2487 1807 2545 γυναῖκες

117 2566 446 2635 ἐριθεύουσι
489 2604 503 2631 ,
546 2562 634 2617 ἐπ’
666 2561 841 2616 αὐτοῦ
880 2563 941 2615 δὲ
980 2561 1396 2616 άποτίκτουσιν.
1459 2559 1600 2614 ἐπὰν
1626 2561 1687 2614 δὲ
1712 2561 1806 2628 γέ-

117 2668 270 2703 νοιτο
295 2651 542 2715 παιδίον,
571 2647 637 2701 τὰ
662 2649 767 2716 μὲν
793 2656 986 2716 πρώτα
1011 2647 1087 2718 τῷ
1111 2646 1347 2716 μητρῴῳ
1373 2646 1628 2713 γάλακτι,
1657 2643 1724 2697 τὰ
1744 2645 1806 2698 δὲ

126 2732 235 2787 άπὸ
286 2732 491 2786 τούτου
539 2741 653 2795 τοῖς
699 2730 805 2784 άπὸ
854 2736 950 2800 τῆς
997 2734 1191 2800 λίμνης
1242 2728 1433 2798 ἰχθύσι
1470 2726 1608 2794 πρὸς
1646 2722 1805 2796 ἥλιον

123 2817 467 2887 ὀπτωμένοις
489 2817 761 2886 ἐκτρέφει.
788 2814 993 2884 ’ἕρπειν
1015 2815 1074 2867 δὲ
1098 2813 1438 2882 ὀρεγόμενον
1460 2815 1509 2865 εἰ
1528 2817 1804 2879 αἴσθοιτο,

1837 984 1874 1017 10

1838 1403 1876 1437 15

1835 1822 1877 1856 20

1836 2243 1878 2276 25
