1916 3132
113 94 214 152 124
771 103 1140 152 ΠΕΜΠΤΟΝ

111 240 264 308 παρὰ
283 248 397 302 τοῖς
414 241 714 308 βουκόλοις
725 241 883 309 χερσὶ
901 241 1159 294 ταυταισὶ
1178 249 1298 304 ταῖς
1319 240 1476 309 ε’μαϊς
1494 241 1799 305 κατέθαψα.

112 323 377 391 κάθευδε,
417 315 571 377 εἶπεν
609 323 638 377 ὁ
664 326 1001 392 Καλοὶσιρις·
1039 327 1213 377 ταῦτα
1239 326 1301 378 δὲ
1328 323 1436 394 ὅπῃ
1463 325 1595 378 ποτὲ
1621 326 1802 394 ἔσχεν,

114 405 218 462 οὐκ
248 409 324 471 εἰς
349 407 570 477 μακρὰν
597 410 880 478 εἰσόμεθα.
933 406 1036 462 οὐκ
1063 405 1135 462 ἀν
1161 410 1460 478 δυναίμην,
1489 411 1620 479 ἔφη·
1661 406 1805 462 ἀλλὰ

114 491 185 546 σύ
210 493 314 563 μὲν
339 490 575 562 ἀτρέμας
601 495 688 561 ἔχε
715 492 945 561 σαυτόν,
988 492 1095 560 ἐγώ
1137 493 1197 545 δὲ
1232 490 1336 546 οὐκ
1373 494 1526 545 ἔστιν
1560 492 1708 555 ὅπως
1732 488 1805 546 ἂν

113 577 310 647 βιῴην,
350 579 400 630 εἰ
423 575 494 646 μή
527 580 738 630 θᾶττον
761 574 1089 640 ὑπεξελθών
1109 577 1321 647 τρόπον
1339 575 1604 645 ὁντιναδή
1627 581 1804 629 πολυ-
1834 599 1854 632 5

114 660 574 731 πραγμονήσαιμι
599 665 681 725 τίς
707 677 838 715 ποτε
864 662 1053 731 πλοὶνη
1078 660 1176 714 τὸν
1195 661 1523 715 Ναυσικλέα
1545 663 1808 730 κατείλη-

116 761 243 816 φεν,
269 741 308 814 ἦ
340 744 486 809 ὅπως
515 746 665 814 παρὰ
696 747 890 814 μόνοις
910 747 1241 814 Αἰγυπτίοις
1261 745 1322 798 οἱ
1332 749 1637 809 τεθνεῶτες
1662 742 1805 798 ἀνα-

115 826 359 898 βιοῦσιν.

225 913 506 982 ἐμειδίασε
533 913 673 984 πρὸς
697 917 871 968 ταῦτα
905 912 1108 984 μικρὸν
1145 913 1173 966 ὁ
1198 915 1531 983 Καλοὶσιρις,
1572 915 1666 966 καὶ
1702 906 1807 967 αύ-

115 1003 209 1060 θις
246 996 535 1068 ὑπηνέχθη
574 999 651 1070 τῷ
688 996 863 1070 ὕπνῳ.
931 996 960 1052 ὁ
999 1000 1059 1053 δὲ
1099 999 1347 1068 Κνήμων
1385 1002 1484 1051 τοῦ
1522 998 1805 1067 δωματίου
1835 1020 1879 1055 10

118 1083 386 1152 προήκων
423 1085 626 1151 ἔπασχε
661 1086 764 1150 μὲν
801 1076 889 1136 οἷα
918 1084 1060 1145 εἰκὸς
1087 1074 1158 1152 ἦν
1184 1082 1280 1135 τὸν
1305 1081 1529 1151 νύκτωρ
1556 1083 1647 1134 καὶ
1674 1084 1810 1136 σκό-

117 1182 249 1230 τους
297 1168 391 1219 καὶ
438 1164 559 1219 κατ’
603 1167 790 1220 οἰκίαν
825 1168 1119 1236 ἄγνωστον
1158 1165 1426 1220 ἀλύοντα·
1479 1168 1627 1236 πλὴν
1665 1164 1806 1220 ἀλλά

117 1251 301 1304 πάντα
338 1270 401 1319 γε
440 1247 698 1320 ὑπέμενε,
737 1249 799 1304 τὸ
839 1253 999 1322 δεῖμα
1035 1250 1097 1305 τὸ
1136 1253 1198 1306 ἐκ
1224 1254 1321 1321 τῆς
1349 1254 1559 1320 Θίσβης
1585 1254 1680 1304 καὶ
1706 1249 1809 1320 τὴν

117 1333 394 1390 ὑπόνοιαν
417 1334 815 1389 ἀποδύσασθαι
842 1336 1126 1405 σπεύδων,
1156 1336 1259 1400 ἕως
1279 1336 1383 1401 ὀψέ
1399 1354 1532 1389 ποτε
1552 1338 1646 1389 καὶ
1666 1338 1810 1389 πολ-

120 1420 278 1484 λάκις
302 1418 435 1482 τοὺς
464 1417 667 1483 αὐτούς
692 1418 766 1483 ὥς
791 1419 990 1475 ἄλλοτε
1017 1420 1224 1485 ἄλλους
1250 1419 1553 1474 ἀνελίττων
1579 1422 1805 1488 τόπους,
1838 1441 1878 1475 15

120 1503 328 1574 ᾔσθετο
365 1505 635 1590 γυναικὸς
673 1508 955 1572 λαθραῖόν
992 1522 1045 1559 τι
1083 1507 1176 1559 καὶ
1213 1507 1417 1574 γοερὸν
1455 1498 1578 1558 οἷον
1613 1505 1810 1575 ήρινῆς

121 1587 361 1658 ἀηδόνος
387 1579 626 1641 αἰλινον
630 1590 692 1641 ἐν
713 1588 875 1642 νυκτὶ
859 1610 1036 1691 Γμυρ
1005 1592 1230 1660 φενης,
1261 1589 1357 1643 ἐπί
1371 1608 1430 1642 τε
1448 1587 1512 1642 τὸ
1530 1588 1809 1657 δωμάτιον

120 1671 233 1726 ὑπὸ
283 1675 385 1725 τοῦ
431 1675 655 1742 θρήνου
689 1674 1204 1742 χειραγωγούμενος
1242 1673 1502 1774 ω’ρμησε.
1562 1673 1654 1726 καὶ
1691 1682 1811 1737 ταῖς

120 1757 356 1826 θύραις,
396 1755 532 1809 καθ’
561 1755 593 1809 ὃ
631 1758 974 1811 συνέπιπτον
1011 1756 1304 1826 ἀλλήλαις,
1344 1755 1406 1810 τὸ
1433 1747 1532 1819 οὖς
1558 1756 1811 1826 παραθέ-

122 1858 287 1911 μενος
308 1841 639 1909 ἐπηκροᾶτο,
669 1839 763 1893 καὶ
788 1842 975 1894 τοιάδε
1001 1841 1423 1910 κατελάμβανεν
1449 1843 1528 1894 ἔτι
1553 1844 1810 1911 θρηνοῦ-
1839 1861 1882 1898 20

124 1940 245 1979 σαν.
308 1925 416 1993 ἐγὼ
458 1925 518 1977 δὲ
556 1922 588 1993 ἡ
629 1929 916 1978 παναθλία
949 1935 1105 1995 χεῖρα
1131 1923 1439 1996 λῃστρικὴν
1467 1925 1813 1993 ἐκπεφευγέ-

123 2031 218 2063 ναι
253 2011 346 2063 καί
383 2010 690 2078 μιαιφόνον
728 2004 918 2080 ςόόμην
955 2010 1208 2063 θάνατον
1248 2009 1587 2062 ἐλπισθέντα
1623 2009 1813 2063 διαδε-

124 2094 420 2160 δρακέναι,
459 2092 774 2159 βιωσεσθαί
794 2111 853 2147 τε
878 2091 941 2147 τὸ
968 2090 1301 2162 λειπόμενον
1326 2091 1439 2162 ἅμα
1464 2097 1540 2162 τῷ
1566 2093 1812 2164 φιλτάτῳ

125 2176 285 2240 ξένον
322 2179 425 2245 μὲν
464 2179 558 2229 καὶ
596 2175 805 2246 ἀλήτην
829 2180 977 2246 βιόν,
1017 2175 1159 2230 ἀλλὰ
1186 2176 1302 2247 μετ’
1334 2177 1556 2230 ἐκείνου
1581 2177 1816 2247 γινόμε-

125 2278 228 2314 νον
253 2259 511 2330 ἥδιστον·
554 2260 726 2314 οὐδὲν
751 2257 858 2331 γὰρ
886 2259 1065 2323 ου’τως
1093 2261 1216 2329 ἐμοὶ
1243 2263 1507 2330 χαλεπόν,
1534 2258 1568 2313 ὃ
1591 2260 1664 2330 μὴ
1691 2255 1810 2330 μετ’
1841 2282 1883 2317 25

127 2347 353 2399 ἐκείνου
380 2347 648 2413 φορητόν
709 2345 839 2399 νυνὶ
866 2347 927 2399 δε
951 2343 1002 2434 ὀί
1030 2347 1255 2414 μηδέπω
1295 2345 1696 2414 ’κεκορεσμένος
1721 2346 1817 2413 ἔμε

130 2429 185 2493 ἐξ
213 2427 382 2497 ἀρχῆς
408 2428 635 2497 εἰληχως
649 2431 879 2517 δαίμων
904 2395 1107 2498 μικρὸν
1133 2448 1245 2482 των
1272 2427 1496 2497 ηδονῶν
1536 2425 1815 2497 ὑποθέμε-

126 2532 241 2580 νος,
283 2509 397 2565 εἶτα
435 2483 699 2581 ήπάτησε
757 2515 1025 2566 δουλείαν
1063 2511 1220 2583 ω’μην
1256 2511 1684 2580 ἐκπεφευγέναι,
1720 2512 1818 2565 καὶ

128 2598 383 2649 δουλεύω
413 2596 610 2649 πάλιν·
653 2596 1056 2665 δεσμωτήριον,
1094 2597 1187 2648 καὶ
1213 2599 1586 2665 φρουροῦμαι.
1645 2600 1818 2664 νῆσος

129 2677 243 2748 εἶχέ
263 2699 330 2749 με
356 2678 448 2732 καὶ
476 2678 697 2741 σκότος·
735 2679 898 2750 ὅμοια
923 2679 990 2732 τοὶ
1017 2684 1127 2733 νῦν
1156 2679 1409 2747 ἐκείνοις,
1436 2678 1815 2749 ἀληθέστερον
1843 2702 1885 2736 30

130 2764 191 2816 δὲ
220 2766 417 2832 εἰπεῖν,
458 2763 550 2815 καὶ
577 2763 899 2836 πικρότερα,
939 2767 1040 2817 τοῦ
1067 2763 1158 2815 καὶ
1194 2764 1544 2831 βουλομένου
1583 2764 1675 2815 καὶ
1712 2763 1810 2815 δυ-

129 2849 376 2916 ναμένου
390 2851 565 2900 ταῦτα
589 2854 1052 2917 παραμυθεῖσθαι
1072 2849 1502 2916 κεχωρισμένον.
1544 2847 1818 2916 σπήλαιον
