1916 3132
0 0 229 79 &ww
284 8 437 78 Ain·
455 2 512 44 a,
536 24 564 40 ·⁴

781 103 1045 152 TPITON
1695 98 1765 152 89

60 240 182 313 μετ’
226 242 451 312 ἐκείνην
492 227 787 310 διέπρεπεΪ
846 243 1024 294 ταῦτα
1061 238 1165 308 μὲν
1203 236 1385 308 ἡμεῖς·
1431 236 1553 291 ἐπεὶ
1579 238 1639 291 δὲ
1665 237 1766 301 τὰς

62 328 300 390 κύλικας
335 328 449 380 ἔδει
485 326 886 395 περιάγεσθαι,
936 324 1244 395 προέπινεν
1282 320 1309 377 6
1354 323 1635 391 Θεαγένης
1671 323 1768 376 καὶ

62 410 220 464 ἄκων
268 409 481 482 ἑκάστῳ
527 403 895 496 φιλοτησίαν.
959 429 1030 472 ως
1079 408 1141 462 δὲ
1181 409 1259 471 εἰς
1298 407 1395 476 ἐμὲ
1432 411 1765 477 περιῆλθεν,

18 497 169 571 ’,ἔχω
206 493 312 565 τὴν
337 472 758 565 φιλοφρόνησιν
773 486 1082 561 ”εἰπόντος,
1121 490 1548 560 υποδεξαμένου
1575 492 1637 546 δε
1663 490 1768 546 οὐ-

13 598 34 632 ι
63 580 270 650 δαμῶς,
299 578 398 645 ὀξύ
419 599 478 634 τε
499 578 593 632 καὶ
614 579 897 648 διάπυρον
919 578 1155 648 ἐνεῖδεν,
1174 574 1569 646 ὑπερορᾶσθαι
1589 590 1767 647 προσ-

61 663 319 734 δοκήσας.
371 663 562 726 συνεὶς
586 657 693 717 οὖν
720 661 749 717 ὁ
774 666 1080 733 Χαρικλῆς,
1109 668 1272 717 οἴνου
1300 661 1392 715 καὶ
1422 662 1774 730 ἐδεσμάτωιῐ,

62 743 344 817 εἷπε,Ἶτῶν
366 749 746 819 ἐψυχωμένων
769 746 1044 817 ἀπέχεται.
1086 751 1190 802 τοῦ
1217 748 1405 816 δὲτὴν
1424 748 1611 800 αἰτίαν
1639 746 1769 815 ἐρο-

59 832 264 903 μένου,
292 837 593 904 Μεμφίτης
619 834 790 903 ἐστίν,
830 829 1004 901 εἶπεν,
1042 832 1380 902 Αἰγύπτιος,
1416 834 1510 886 καὶ
1537 834 1770 902 προφή-

59 936 156 1019 της
190 921 289 988 τῆς
306 916 535 982 Ἴσιδος.
594 916 623 972 ὃ
659 918 727 989 δὴ
759 921 1041 988 Θεαγένης
1077 916 1152 982 ὥς
1188 916 1290 972 τὸν
1328 917 1647 986 Αἰγύπτιον
1672 916 1768 970 καὶ

0 1021 31 1056 ιο
59 1000 161 1055 τὸν
198 1004 499 1073 προφήτην
520 1002 800 1074 ἤκουσεν,
838 1001 1050 1073 ἡδονῆς
1084 1023 1144 1057 τε
1180 1002 1398 1071 ἀθρόον
1425 1002 1767 1071 ἐνεπλήσθη,

63 1087 156 1140 και
193 1085 384 1155 ὥσπερ
432 1090 491 1142 οἱ
522 1093 802 1160 θησαυρῷ
849 1090 962 1142 τινὶ
1011 1089 1453 1157 προστυχόντες,
1507 1085 1771 1157 ὀρθωσας

63 1172 286 1240 ἑαυτόν,
313 1170 468 1243 ὕδωρ
495 1193 554 1226 τε
581 1174 811 1243 αἰτήσας
836 1174 928 1227 καὶ
954 1171 1146 1242 πιω’ν,
1160 1173 1203 1226 ὠ
1232 1166 1562 1274 σοφώτατε,
1592 1167 1769 1238 εἶπεν,

31 1247 207 1309 αλλὰ
248 1256 320 1310 σύ
355 1276 419 1326 γε
455 1257 667 1326 ταύτην
703 1258 869 1327 δέχου
894 1255 999 1327 τὴν
1025 1261 1382 1327 φιλοτησίαν,
1415 1256 1491 1325 ἡν
1517 1253 1627 1309 άπὸ
1654 1258 1771 1308 τῶν

63 1340 313 1411 ἡδίστων
349 1356 440 1395 σοι
477 1342 778 1409 προέπιον·
836 1344 929 1396 καὶ
956 1346 1154 1412 φιλίαν
1178 1340 1279 1412 ἥδε
1304 1339 1438 1412 ἡμῖν
1461 1340 1495 1410 ή
1525 1342 1768 1408 τράπεζα

0 1442 38 1478 ιε
66 1426 425 1480 σπενδέσθωὶ·
486 1429 799 1495 ἐσπείσθω,
828 1430 994 1498 ἔφην,
1023 1428 1159 1482 καλὲ
1188 1427 1493 1495 Θεάγενες,
1525 1426 1648 1493 ἐμοὶ
1676 1422 1771 1477 καὶ

65 1510 239 1564 πάλαι
277 1502 422 1564 οὖσα
458 1509 599 1580 πρὸς
632 1513 708 1568 σε’.
772 1512 866 1566 καὶ
901 1512 1321 1583 ὑποδεξάμενος
1357 1514 1571 1565 ἔπινον.

173 1595 268 1648 καὶ
313 1596 438 1649 τότε
482 1597 588 1664 μὲν
638 1600 718 1660 εἰς
762 1601 937 1650 ταῦτα
975 1599 1131 1666 ε”ληξε
1169 1594 1232 1649 τὸ
1279 1595 1626 1666 συμπόσιον,
1675 1594 1769 1646 καὶ

66 1677 533 1749 ἀπηλλαττόμεθα
572 1680 665 1736 ἐπ’
693 1678 853 1735 οἶκον
889 1681 989 1735 τὸν
1017 1683 1166 1735 ἰδιον
1191 1680 1451 1750 ἕκαστος,
1491 1680 1674 1733 πολλά
1700 1697 1770 1748 με

67 1766 172 1818 τοῦ
198 1763 514 1832 Θεαγένους
538 1766 631 1819 καὶ
657 1766 975 1837 θερμότερα
1002 1761 1038 1836 ἢ
1064 1764 1204 1819 κατά
1229 1764 1333 1834 τὴν
1359 1768 1768 1834 προϋπάρχου-

0 1868 43 1902 20
71 1862 182 1902 σαν
204 1851 420 1917 γνῶσιν
445 1846 980 1921 κατασπασαμένου·
1031 1850 1152 1905 ἐπεὶ
1189 1852 1251 1904 δὲ
1275 1844 1463 1920 ἦλθον
1502 1841 1573 1903 οὗ
1598 1867 1770 1917 κατη-

66 1930 275 2003 γόμην,
315 1925 540 1997 ἄυπνος
566 1937 636 1990 τὰ
676 1941 870 2005 πρῶτα
907 1939 1107 2006 διῆγον
1147 1935 1239 1989 ε’πὶ
1275 1939 1374 2005 τῆς
1413 1934 1611 2004 εὐνῆς,
1652 1930 1769 1987 ἄνω

70 2020 164 2072 καὶ
201 2019 352 2072 κάτω
388 2016 494 2089 τῆν
531 2022 660 2089 περὶ
696 2024 811 2074 τῶν
848 2021 995 2074 νέων
1034 2023 1314 2090 φροντίδα
1352 2023 1634 2089 στρέφων,
1675 2018 1770 2070 καὶ

68 2105 171 2156 τοῦ
196 2107 451 2173 χρησμοῦ
488 2102 555 2157 τά
580 2108 872 2159 τελευταῖα
898 2109 957 2158 τί
989 2104 1101 2174 ἄρα
1136 2106 1401 2175 βούλοιτο
1429 2103 1766 2174 ἀνιχνεύων.

68 2186 177 2257 ἤδη
215 2188 278 2240 δὲ
314 2187 594 2258 μεσούσης
630 2194 734 2266 τῆς,
751 2190 957 2252 νυκτὸς
983 2189 1098 2259 ὁρῶ
1131 2189 1231 2244 τὸν
1264 2190 1515 2244 Ἀπόλλω
1544 2189 1638 2242 καὶ
1663 2185 1768 2256 τῆν

0 2289 44 2323 25
69 2269 365 2342 Ἄρτεμιν,
404 2271 479 2336 ὦς
515 2271 854 2344 ᾆίμην,κχεί’γε
891 2270 1066 2347 ᾤμην,
1107 2274 1250 2330 άλλά
1287 2274 1360 2346 μὴ
1400 2274 1629 2343 άληθῶς
1667 2271 1770 2327 {1:6-

70 2354 341 2422 ρων.ἷκαὶ
367 2354 400 2410 ὃ
423 2358 528 2426 μὲν
553 2357 653 2412 τὸν
674 2361 963 2430 Θεαγένην
989 2358 1025 2430 ἢ
1051 2361 1112 2415 δὲ
1138 2358 1243 2430 τὴν
1270 2364 1616 2427 Χαρίκλειαν
1644 2357 1769 2411 ένε-

72 2442 335 2509 χείριζεν,
363 2440 635 2510 ὀνομαστί
656 2446 719 2497 τέ
737 2464 805 2512 με
832 2443 1464 2514 προσκαλοῦντεςξάἵρα
1493 2432 1608 2509 σοι,
1638 2445 1762 2495 ἔλε-

70 2527 314 2592 γονρεἰς
349 2525 451 2596 τὴν
490 2529 837 2596 ἐνεγκοῦσαν
877 2530 1204 2599 ἐπανήκειν·
1248 2529 1394 2583 οὕτω
1433 2530 1543 2598 γὰρ
1583 2524 1612 2581 6
1646 2545 1769 2595 μοι-

75 2608 194 2675 ρῶν
219 2605 559 2679 ὑπαγορεύει
578 2614 807 2682 θεσμός.
849 2613 1018 2677 αὐτός
1042 2634 1101 2667 τε
1127 2606 1234 2668 οὖν
1261 2615 1425 2683 ἔξιθι,
1454 2612 1547 2667 καὶ
1567 2610 1772 2664 τούσδε

7 2709 49 2744 ao
77 2691 493 2764 ὑποδεξάμενος
518 2694 617 2764 ἄγε
643 2698 1064 2767 (ξυνεμπόρους,
1105 2704 1198 2753 ἴσα
1232 2719 1292 2753 τε
1319 2698 1478 2752 παισὶ
1503 2695 1770 2763 ποιούμε-

75 2798 200 2846 νος,
248 2778 342 2831 καὶ
378 2781 715 2850 παράπεμπε
762 2781 871 2837 άπὸ
910 2788 1007 2852 τῆς
1044 2786 1376 2852 Αἰγυπτίων
1414 2782 1543 2837 ὅποι
1581 2800 1640 2834 τε
1679 2778 1773 2832 καὶ

78 2860 228 2927 ὅπως
261 2871 378 2926 τοῖς
411 2869 568 2928 θεοῖς
601 2867 819 2934 φίλον.»
845 2870 1020 2921 ταῦτα
1057 2867 1310 2930 εἰπόντες
1346 2870 1406 2920 οἳ
1425 2867 1528 2936 μὲν
1555 2863 1775 2931 άπεχιό-
1795 2869 1859 2920 12
