1916 3132
175 113 285 166 200
846 84 1200 166 ΕΒΛοΜοΝ

176 255 313 353 ἔφη,
354 252 549 316 ξένους
587 254 643 306 οἵ
677 255 824 316 τινές
861 254 1006 307 εἰσιν
1041 252 1078 323 ἢ
1114 254 1311 308 πόθεν.
1377 252 1445 307 οὐ
1480 255 1639 324 θέμις
1675 248 1722 309 ὦ
1746 235 1875 325 παις

175 337 318 405 πρὸς
343 336 518 390 αὐτὸν
553 336 587 407 ἡ
616 339 872 408 Κυβέλη,
911 336 1037 390 ἄλλ’
1067 337 1330 407 ἐχεμύθει
1368 339 1462 391 καὶ
1487 341 1628 395 κατὰ
1653 337 1865 394 σαυτὸν

175 423 263 490 ἔχε
302 423 394 474 καὶ
432 421 631 523 μηδενὶ
670 422 869 491 φράζε,
908 423 1047 492 μηδὲ
1086 423 1419 491 ἐπιμίγνυσο
1446 422 1512 475 τά
1546 422 1726 479 πολλὰ
1742 434 1867 493 τοῖς

180 505 383 570 ξένοις·
427 505 570 558 οὕτω
598 505 704 574 γὰρ
731 506 986 560 δέδοκται
1012 509 1081 576 τῇ
1106 508 1393 577 δεσποίνῃ.

283 591 497 652 ἐκεῖνος
520 591 624 658 μὲν
651 590 758 643 οὐν
794 587 960 660 άπῄει
987 591 1160 662 ῥᾷστα
1187 595 1255 661 τῇ
1290 592 1451 661 μητρὶ
1478 594 1861 664 πεπεισμένος,
1891 610 1916 643 5

175 674 420 744 σύνηθές
458 694 509 727 τι
548 673 641 726 καὶ
682 672 1019 778 ἀφροδίσιον
1057 676 1368 746 διακόνημα
1402 679 1470 744 τῇ
1493 675 1730 748 Ἀρσάκῃ
1765 673 1865 732 τὸν

179 761 466 827 Θεαγένην
492 755 864 827 ὑποτοπήσας.
907 761 999 812 καὶ
1021 758 1224 827 ἀπιών,
1253 758 1354 828 οὐχ
1378 760 1541 823 οὗτός
1561 762 1697 830 ἐστι,
1725 781 1864 830 προς

172 842 375 897 ἑαυτὸν
397 840 650 910 ἔλεγεν,
629 863 698 895 ον
721 840 827 911 ἐγω
849 862 971 914 πρω
984 865 1048 913 ην
1068 841 1219 914 παρὰ
1240 846 1539 913 Μιτράνου
1559 848 1658 897 τοῦ
1679 865 1865 912 φρου-

174 926 388 997 ράρχου
415 926 787 995 παραλαβων
784 916 934 981 (co'6'ce
960 927 1122 996 ἄγειν
1147 926 1287 998 πρὸς
1303 927 1694 998 Ὀροονδάτην,
1723 929 1863 982 ἅνα-

171 1013 653 1080 πεμφθησόμενον
687 990 912 1079 βασιλεῖ
932 1016 1009 1082 τῷ
1035 1011 1433 1082 μεγάλῳ,)ὑπό
1462 1015 1765 1081 Βησσαέων
1801 1033 1860 1067 τε
1894 1030 1916 1062 u

174 1094 267 1147 καὶ
308 1094 594 1164 Θυάμιδος
632 1094 952 1165 ἀφῃρέθην,
991 1099 1198 1164 μικροῦ
1225 1096 1318 1148 καὶ
1355 1096 1455 1148 τὸν
1481 1095 1610 1166 περὶ
1637 1101 1738 1150 τοῦ
1764 1100 1862 1166 ζῆν

170 1177 420 1242 ὑποστὰς
445 1181 719 1232 κίνδυνον
750 1179 842 1232 καὶ
867 1179 1037 1247 μόνος
1064 1179 1126 1232 ἐκ
1152 1182 1265 1231 τῶν
1291 1178 1544 1247 ἀγόντων
1564 1181 1862 1249 διαδρᾶναι

172 1266 471 1368 δυνηθείςς
518 1261 591 1384 μὴ
641 1261 747 1367 άρα
795 1263 1120 1332 σφάλλουσί
1161 1284 1227 1331 με
1266 1264 1327 1315 οἱ
1358 1262 1670 1332 ὀφθαλμοί;
1721 1263 1862 1318 ἄλλα

173 1347 314 1417 ρᾷον
342 1347 461 1415 ἔχω
473 1345 594 1416 μὲν
604 1347 696 1399 και
725 1348 1005 1415 διαβλέπω
1035 1347 1236 1415 σχεδόν
1261 1367 1313 1400 τι
1348 1346 1547 1401 λοιπὸν
1573 1349 1856 1417 συνήθως.

170 1433 263 1485 καὶ
289 1430 402 1501 μὴν
428 1433 521 1484 καὶ
547 1430 646 1484 τὸν
670 1434 896 1500 Θύαμιν
921 1430 1138 1500 άκήκοα
1162 1441 1426 1502 παρειναι
1444 1436 1512 1501 τῇ
1533 1436 1854 1503 προτεραιᾳ,
1888 1447 1916 1480 1⁵

170 1516 290 1568 καὶ
292 1517 870 1595 ,διαμονομαχήσαντα
908 1515 1048 1586 πρὸς
1084 1517 1184 1569 τὸν
1222 1515 1497 1585 ἀδελφὸν)
1523 1514 1852 1584 άνακεκομί-

170 1605 307 1653 σθαι
333 1598 435 1668 τὴν
464 1601 797 1669 ιερωσύνην.
846 1592 1008 1663 οὗτος
1033 1599 1139 1669 άρα
1167 1599 1379 1663 ἐκεῖνος
1405 1601 1573 1655 ἐστίν.
1627 1597 1770 1653 ἄλλα
1795 1599 1859 1653 τὸ

169 1681 355 1784 παρόν
394 1685 652 1752 σιγητέον
690 1682 789 1736 τὸν
827 1687 1275 1752 αναγνωρισμόν.
1356 1683 1468 1752 άμα
1507 1684 1568 1736 δὲ
1607 1702 1858 1754 παρατη-

169 1768 394 1837 ρητέον
390 1760 495 1853 τίς
539 1786 674 1820 ποτε
719 1789 752 1836 η
798 1769 926 1837 περὶ
971 1767 1102 1830 τούς
1148 1768 1335 1831 ξένους
1355 1771 1593 1861 διάνοια
1631 1771 1727 1837 τῆς
1765 1769 1857 1820 δε-

168 1856 416 1919 σποίνης.
1887 1865 1916 1899 2⁴

84 1938 149 1990 17
279 1934 310 1987 6
346 1937 449 2004 μὲν
487 1938 659 1988 ταῦτα
695 1934 834 2004 πρὸς
875 1935 1091 2002 ἑαυτόν,
1131 1933 1162 2004 ἦ
1203 1936 1264 1987 δὲ
1303 1936 1529 2004 Κυβελη
1564 1933 1704 2002 πρὸς
1727 1933 1860 1998 τούς

167 2021 330 2080 νέους
390 2019 793 2088 εἰσδραμοῦσα
826 2025 951 2088 ἴχνη
998 2023 1112 2072 τῶν
1155 2020 1389 2088 θρήνων
1444 2018 1851 2087 κατελάμβανε·

169 2101 312 2172 πρὸς
333 2102 441 2171 γάρ
461 2102 557 2155 τὸν
579 2100 767 2173 ψόφον
796 2108 910 2156 τῶν
929 2108 1132 2171 θυρῶν
1153 2095 1854 2171 άνοιγομένωνῖκατέστελ-

167 2191 271 2240 λον
293 2187 396 2256 μὲν
419 2187 653 2249 ἑαυτοὺς
679 2187 772 2239 καὶ
797 2186 936 2256 πρὸς
955 2186 1016 2240 τὸ
1044 2190 1291 2256 σύνηθες
1317 2190 1497 2255 σχῆμα
1524 2184 1616 2238 καὶ
1641 2186 1858 2255 βλέμμα

171 2271 530 2324 διαπλάττειν
568 2272 923 2339 διέσπευδον,
974 2270 1042 2324 οὐ
1079 2270 1191 2340 μὴν
1228 2272 1439 2324 ἔλαθόν
1475 2289 1539 2338 γε
1576 2268 1680 2338 τὴν
1716 2287 1854 2339 πρε·
1885 2283 1916 2319 2ε

169 2358 392 2424 σβῦτιν,
419 2358 531 2408 τῶν
559 2356 825 2421 δακρύων
852 2357 930 2408 ε”τι
951 2365 1066 2418 τοῖς
1092 2355 1334 2423 ὄμμασιν
1363 2354 1853 2420 ἐπιπλανωμένων.
1907 2405 1911 2409 Α

169 2438 533 2508 άναβοήσασα
570 2429 693 2505 οὖν,
732 2431 774 2490 ὦ
811 2441 1133 2507 γλυκύτατα
1161 2441 1344 2505 τέκνα,
1375 2440 1555 2504 ἔλεγε,
1594 2440 1650 2489 τί
1681 2441 1857 2490 ταῦτα

170 2521 311 2591 άωρι
335 2528 627 2591 θρηνειτε,
665 2520 833 2590 ἡνίκα
871 2524 1141 2593 προσήκει
1179 2526 1414 2591 χαίρειν,
1454 2519 1621 2590 ἡνίκα
1660 2519 1857 2574 εὐδαι-

166 2609 413 2675 μονίζειν
440 2606 673 2669 ἑαυτοὺς
707 2610 801 2675 τῆς
837 2608 1018 2670 δεξιᾶς
1042 2610 1241 2676 τύχης,
1274 2604 1540 2689 Ἀρσάκης
1565 2625 1631 2657 τα
1658 2604 1854 2658 κάλλι-

169 2704 272 2742 στα
319 2689 416 2742 καὶ
464 2709 530 2743 τα
579 2689 701 2743 κατ’
745 2688 910 2759 εὕχας
961 2691 1051 2758 ἐφ’
1100 2689 1233 2759 ὑμιν
1268 2690 1709 2788 διανοουμένης,
1759 2687 1852 2740 καὶ
1882 2700 1916 2746 315

168 2773 429 2843 ὀφθῆναί
446 2793 505 2827 τε
524 2771 667 2842 ὑμᾶς
690 2777 766 2835 εἰς
791 2795 892 2842 την
914 2774 1035 2843 ἑξῆς
1059 2773 1446 2841 ε’πινευσάσης,
1474 2773 1568 2824 καὶ
1587 2770 1648 2824 τὸ
1669 2770 1856 2839 παρὸν
1896 2764 1913 2798 ἵ

169 2862 360 2911 πᾶσαν
399 2858 657 2921 δεξίωσιν
695 2858 786 2911 καὶ
824 2861 1134 2929 θεραπείαν
1181 2859 1316 2926 ὑμῖν
1354 2855 1851 2926 άποκληρωσάσης;
