1916 3132
756 165 883 212 CAP.
917 165 1148 212 XII—XV
1726 169 1796 222 57

107 290 392 342 consecuta
435 288 491 341 in
543 306 723 341 meum
778 288 1046 342 conuertit
1096 289 1333 342 exitium.
1419 289 1604 346 adiuro
1653 291 1796 344 enim

106 363 262 415 tuum
299 361 434 415 mihi
473 362 807 416 carissimum
847 366 1022 432 caput,
1060 363 1195 417 nulli
1245 383 1330 416 me
1369 382 1590 434 prorsus
1629 383 1690 419 ac
1728 385 1795 419 ne

107 435 210 488 tibi
261 436 474 506 quidem
521 436 626 506 ipsi
672 437 1007 490 adseueranti
1053 456 1210 507 posse
1258 438 1492 509 credere,
1547 440 1691 509 quod
1737 444 1798 493 tu

110 510 394 580 quicquam
433 511 488 564 in
528 529 701 564 meam
739 511 1062 581 cogitaueris
1101 512 1406 581 perniciem.
1482 532 1641 583 porro
1692 533 1797 567 me-

65 605 86 637 5
111 578 344 639 ditatus*
372 585 648 657 innoxios}
682 604 835 639 casus
890 586 1126 639 incertus
1154 587 1269 665 (fuel
1325 588 1487 641 etiam
1542 585 1815 653 aduersus)
1849 579 1868 591 ψ
1888 581 1906 602 ⁶

111 645 442 728 culpaemnon
479 663 661 728 potest
698 659 975 733 addicere?

221 731 361 786 Cum.
393 734 499 787 isto
545 734 652 790 fine
684 734 1183 791 ‘sermonisfoculos
1220 734 1430 790 Fotidis
1469 756 1617 791 meae
1664 737 1799 791 udos

110 824 170 860 ac
218 807 475 861 tremulos
523 812 577 861 et
621 827 790 878 prona
840 801 1065 863 libidine
1118 810 1382 864 marcidos
1432 812 1540 864 iam
1587 812 1799 882 iamque

109 865 611 951 semiadopertuloss
617 883 827 937 adnixis
859 888 913 937 et
937 876 1339 938 sorbilantibusL
1358 886 1522 939 sauiis
1556 887 1801 951 sitienter

42 975 88 1008 10
110 954 434 1010 hauriebam.

217 1029 335 1083 XV.
414 1030 502 1085 Sic
540 1032 635 1085 illa
671 1032 879 1086 laetitia
916 1037 1152 1086 recreata
1192 1033 1412 1103 ‘patere'
1452 1035 1631 1104 inquit
1671 1035 1799 1105 ε010,

108 1104 258 1172 prius
295 1105 437 1158 fores
478 1106 711 1159 cubiculi
749 1107 1034 1185 diligenter
1073 1107 1382 1178 obcludam,
1429 1128 1497 1162 ne
1538 1111 1798 1163 sermonis

110 1178 277 1248 elapsi
315 1180 538 1248 profana
574 1180 874 1250 petulantia
912 1183 1244 1235 committam
1281 1183 1480 1252 grande
1512 1184 1801 1254 flagitium'

111 1256 163 1304 et
202 1271 322 1307 cum
362 1254 505 1307 dicto
551 1248 805 1324 pessulis³
828 1257 1039 1309 iniectis
1095 1260 1148 1310 et
1193 1258 1389 1310 uncino
1436 1258 1666 1311 firmiter
1703 1259 1798 1312 im-

42 1346 85 1379 15
111 1326 291 1397 miSSO‚
330 1328 406 1382 sic
453 1329 520 1381 ad
557 1348 642 1383 me
681 1349 896 1383 reuersa
942 1330 1185 1400 colloque
1231 1350 1351 1384 meo
1397 1333 1646 1386 manibus
1693 1352 1800 1386 am-

110 1401 280 1455 babus
326 1402 541 1472 inplexa
582 1422 714 1458 uoce
757 1406 908 1458 tenui
950 1409 1005 1458 et
1035 1405 1321 1458 admodum
1346 1408 1554 1459 minuta
1586 1407 1798 1476 ‘pauco'

110 1475 289 1545 inquit
327 1476 402 1530 ‘et
437 1477 667 1531 formido
707 1479 875 1532 solide
915 1479 1105 1533 domus
1135 1479 1296 1533 huius
1336 1485 1522 1549 operta
1555 1482 1801 1552 detegere

111 1554 166 1602 et
203 1568 394 1604 arcana
433 1552 678 1606 dominae
716 1572 864 1606 meae
903 1554 1140 1607 reuelare
1180 1558 1396 1608 secreta.
1475 1556 1567 1608 sed
1605 1557 1799 1609 melius

111 1623 176 1676 de
206 1627 259 1677 te
291 1625 638 1695 doctrinaque
669 1631 763 1680 tua
784 1647 1083 1698 praesumo,
1122 1629 1215 1698 qui
1245 1633 1456 1698 praeter
1487 1647 1802 1700 generosam

42 1716 88 1749 so
110 1698 369 1752 natalium
409 1700 751 1771 dignitatem,
799 1706 1012 1771 praeter
1050 1703 1278 1756 sublime
1317 1704 1594 1774 ingenium
1635 1707 1799 1759 sacris

109 1771 355 1841 pluribus
387 1773 633 1828 initiatus
663 1777 903 1846 profecto
944 1778 1088 1830 nosti
1120 1781 1358 1831 sanctam
1391 1778 1593 1832 silentii
1624 1780 1799 1833 fidem.

111 1865 475 1917 quaecumque
515 1850 695 1919 itaque
735 1852 1050 1904 commisero
1089 1851 1250 1905 huius
1289 1852 1531 1923 religiosi
1566 1855 1799 1923 pectoris

110 1921 191 1973 tui
222 1922 603 1993 penetralibuS,
642 1943 851 1995 semper
881 1926 1011 1979 haec
1045 1927 1188 1979 intra
1219 1927 1455 1997 (cordis)
1487 1932 1802 1998 conseptum

110 1994 290 2048 clausa
306 1997 575 2051 custodias
589 2016 682 2052 oro
701 2003 755 2053 et
772 2000 1173 2070 simplicitatem
1194 2001 1470 2055 relationis
1492 2021 1639 2055 meae
1657 2007 1801 2056 tena-

44 2085 88 2120 ὓ
112 2069 271 2123 citate
317 2071 701 2126 taciturnitatis
747 2077 870 2128 tuae
919 2094 1271 2129 remunerare.
1349 2095 1472 2128 nam
1512 2096 1620 2147 me,
1667 2097 1802 2147 quae

112 2143 226 2196 sola
262 2145 571 2199 mortalium
610 2148 765 2217 noui,
809 2149 893 2202 uis
933 2150 1130 2203 amoris
1172 2168 1277 2219 quo
1325 2150 1427 2203 tibi
1474 2153 1681 2222 teneor,
1727 2153 1803 2204 in-

114 2216 187 2286 [p.
215 2218 301 2271 48.
331 2218 420 2289 R]
461 2220 635 2274 dicare
675 2223 962 2292 compellit.
1040 2224 1147 2277 iam
1187 2224 1321 2277 scies
1361 2243 1573 2278 omnem
1614 2226 1803 2279 domus

111 2295 325 2345 nostrae
364 2297 587 2365 statum,
637 2297 744 2350 iam
784 2298 918 2350 scies
951 2317 1077 2367 :erae
1115 2317 1264 2351 meae
1303 2299 1546 2352 miranda
1586 2304 1803 2370 secreta,

1879 594 1916 674 κέ

115 2365 309 2434 quibus
356 2368 669 2422 obaudiunt*
700 2390 906 2441 manes,
956 2373 1244 2425 turbantur
1290 2373 1485 2443 sidera,
1539 2367 1834 2444 coguntur}

13 2446 92 2506 [gno
115 2439 348 2510 numina,
387 2443 630 2497 seruiunt
676 2445 951 2499 elementa.
1028 2465 1125 2499 nec
1171 2466 1406 2516 unquam
1453 2449 1627 2518 magis
1674 2449 1804 2501 artis

237 2663 262 2702 2
295 2661 448 2717 capud
478 2672 516 2716 φ
639 2669 664 2708 6
698 2664 916 2710 addicere
950 2665 1208 2711 Scriuerius
1250 2667 1435 2713 adicere
1467 2668 1552 2722 qu
1597 2641 1744 2712 adne⁹e
1776 2669 1806 2711 ὃ

62 2764 67 2771 ,
117 2722 143 2761 9
177 2717 698 2781 sorbilantibuquodg
727 2727 784 2780 cf.
805 2729 942 2769 27.25
975 2725 1117 2792 fabiis
1134 2726 1258 2784 1⁴¹ng
1289 2726 1431 2772 labiis
1458 2730 1486 2771 δ
1564 2732 1619 2770 10
1644 2726 1805 2771 audie-

112 2792 227 2836 bam
257 2791 316 2835 F¹
374 2793 652 2840 hauriebam
681 2799 760 2852 φδ
904 2804 960 2843 14
991 2798 1148 2843 uicino
1181 2811 1221 2855 φ
1375 2806 1429 2845 16
1468 2800 1651 2844 minuta
1688 2801 1802 2846 Oud.

118 2850 351 2896 diminuta
382 2852 418 2896 F
449 2855 541 2910 (sed
573 2854 671 2900 dim
701 2858 807 2902 add.
841 2873 896 2902 m.
930 2859 986 2914 r.)
1041 2858 1254 2911 meinuta
1286 2876 1322 2915 φ
1378 2859 1612 2903 diminuta
1643 2861 1672 2904 ὃ
1727 2861 1805 2905 de-

21 2947 31 2971 i.
115 2909 299 2955 minuta
343 2911 395 2956 E.
561 2918 618 2958 23
664 2915 892 2976 (cordis)
939 2918 1114 2961 inserui
1157 2920 1215 2974 cf.
1263 2924 1335 2963 40.
1364 2923 1411 2974 63
1455 2923 1632 2963 200.15
1696 2933 1806 2964 con-

117 2971 300 3026 septum
330 2970 366 3013 F
487 2976 542 3016 28
573 2986 680 3034 *ere
711 2974 747 3018 F
869 2979 925 3019 29
958 2975 1185 3022 obediunt
1216 2988 1255 3032 φ
