1916 3132
122 84 193 136 20
827 86 1123 134 ΠΡΩΤΟΝ

125 225 218 278 καὶ
255 228 318 278 τὸ
358 224 688 293 μηδαμόθεν
728 226 808 277 ε”τι
835 223 1309 292 προσδοκώμενον
1336 220 1612 291 ἀπαλγεῖν
1638 240 1821 288 παρα-

125 310 379 373 σκευάζει
405 304 535 371 τοὺς
561 308 893 377 κάμνοντας.
932 311 1043 360 νῦν
1063 308 1124 362 δὲ
1154 304 1294 376 ὁρᾶν
1319 307 1684 376 φαντάζομαι,
1711 324 1818 359 πα-

126 394 324 458 ρόντος
350 391 584 446 ἀκούειν
621 392 935 461 ἀπατῶμαι,
975 389 1315 457 ὀνειδίζοντα
1341 392 1446 462 τὴν
1471 390 1673 444 ἄδικον
1698 389 1819 444 ε’πι-

125 479 344 547 βουλὴν
382 476 737 545 αἰσχύνομαι,
778 475 1193 540 συντεύξεσθαί
1227 495 1361 529 ποτε
1398 468 1701 529 ἐπελθόντι
1727 475 1820 527 καὶ

126 556 493 630 ἀπολαύσειν,
535 559 571 630 ἢ
609 560 702 614 καὶ
741 559 880 630 αὐτὴ
922 561 1056 628 παρ’
1084 559 1303 614 ἐκεῖνον
1342 561 1636 629 φοιτήσειν
1676 557 1819 612 ὅπου

125 644 250 699 ποτ’
291 645 363 698 ἄν
401 647 435 715 ᾐ
476 649 603 714 γῆς,
643 642 995 715 ὑποτίθεμαι.
1071 649 1248 698 ταῦτα
1285 642 1604 713 ὑπεκκαίει,
1643 647 1821 696 ταῦτα

128 732 396 799 ἐκμαίνει.
440 731 628 782 δίκαια
653 731 775 798 με’ν,
805 730 846 783 ὤ
874 733 1020 797 θεοί,
1049 729 1258 809 πάσχω.
1299 733 1357 782 τί
1377 727 1485 798 γάρ
1513 726 1582 782 οὐ
1608 737 1820 794 περιεῖ-

126 831 235 867 πον
244 803 395 867 ἀλλ’
425 814 834 882 ἐπεβούλευον;
874 818 932 867 τί
966 815 1027 867 δε
1067 811 1168 883 ούχ
1210 815 1461 867 ἱκέτευον
1499 810 1624 866 ἀλλ’
1656 813 1822 866 ἐδίω-

125 918 255 963 κον;
295 897 578 970 ἠρνήσατο
618 898 721 966 τὴν
761 898 1013 968 πρώτην;
1055 897 1198 951 ἀλλα
1235 900 1654 968 προσηκόντως.
1720 890 1822 949 ἀλ-

126 987 358 1053 λοτρίαν
405 984 526 1052 με’ν,
577 983 704 1037 ἀλλ’
745 976 850 1037 οὑν
896 1003 960 1051 γε
1004 985 1270 1052 πατρώαν
1309 981 1484 1052 εὐνὴν
1521 979 1814 1052 ᾐσχύνετο.

1851 1006 1892 1040 10

127 1066 299 1137 τυχὸν
337 1063 408 1121 ἂν
444 1073 782 1138 μετεπείσθη
833 1068 1017 1139 χρόνῳ
1055 1066 1194 1136 πρὸς
1231 1066 1293 1120 τὸ
1331 1065 1690 1136 ἡμερώτερον
1727 1062 1822 1117 καὶ
1852 1132 1856 1134 Ἴ

127 1157 323 1205 πειθοῖ
365 1153 898 1222 μεταπλαττόμενος.
984 1150 1107 1205 ἀλλ’
1149 1150 1182 1220 ἡ
1236 1149 1524 1220 θηριώδης
1572 1146 1678 1218 ἐγώ
1729 1149 1822 1202 καὶ

127 1234 424 1305 ἀνήμερος,
465 1236 653 1304 ὥσπερ
694 1235 797 1289 οὐκ
832 1236 1016 1306 ἐρῶσά
1053 1255 1205 1298 τινος
1242 1233 1370 1287 ἀλλ’
1400 1233 1665 1304 ἄρχουσα,
1705 1234 1823 1286 δει-

126 1320 231 1373 νὸν
258 1320 342 1375 ὅτι
367 1322 441 1391 μὴ
472 1320 527 1385 ἐξ
557 1320 927 1391 ἐπιτάγματος
960 1319 1286 1390 ὑπήκουσεν
1323 1318 1689 1389 ἐποιησάμην,
1729 1316 1824 1370 καὶ

127 1406 178 1457 εἰ
222 1409 320 1474 τῆς
366 1405 720 1475 Δημαινέτης
766 1403 1027 1475 ὑπερεῖδε
1074 1405 1219 1459 πολὺ
1277 1406 1382 1475 τὴν
1432 1402 1588 1472 ὥραν
1644 1399 1817 1471 αὐτῆς
1847 1428 1888 1462 15

127 1487 521 1558 ὑπερβάλλων.
582 1489 706 1543 ἀλλ’
738 1485 782 1542 ὦ
821 1495 1056 1559 γλυκεῖα
1085 1494 1284 1559 Θίσβη,
1324 1492 1451 1543 τίνα
1485 1487 1652 1541 λύσιν
1677 1483 1823 1540 ὦνό-

129 1578 289 1643 μαζες
342 1574 571 1644 ῥᾳδίανς
622 1566 665 1626 ὦ
706 1575 1001 1642 δέσποινα,
1054 1577 1189 1644 ἔφη,
1238 1583 1354 1636 τοῖς
1390 1576 1618 1634 πολλοῖς
1652 1571 1756 1640 μὲν
1797 1566 1826 1623 ὁ

128 1658 379 1726 Κνήμων
399 1655 681 1726 ὑπεξῆλθε
700 1663 802 1710 τοῦ
823 1658 1019 1720 ἄστεος
1040 1660 1132 1711 καὶ
1151 1662 1250 1727 τῆς
1274 1656 1522 1725 Ἀττικῆς
1542 1655 1824 1723 ἐξώρμησε

134 1745 202 1810 τῇ
242 1744 425 1811 κρίσει
462 1742 818 1810 πειθόμενος,
863 1744 958 1810 ἐμὲ
997 1743 1059 1795 δὲ
1097 1741 1315 1795 ἅπαντα
1354 1739 1447 1794 διά
1474 1741 1536 1794 σὲ
1563 1758 1825 1808 πραγμα-

130 1826 443 1896 τευομένην
478 1824 582 1879 οὐκ
620 1829 828 1879 ἔλαθεν
855 1825 1030 1879 αὐτοῦ
1057 1844 1168 1879 που
1195 1824 1303 1895 πρὸ
1329 1828 1431 1878 τοῦ
1457 1826 1654 1886 ἄστεος
1678 1843 1822 1890 κρυ-
1849 1850 1892 1884 20

132 1911 423 1979 πτόμενος.
494 1908 790 1980 Ἀρσινόην
828 1909 1052 1973 ἀκούεις
1089 1928 1200 1963 που
1238 1910 1459 1971 πάντως
1496 1928 1599 1977 την
1647 1905 1824 1975 αὐλη-

131 1996 320 2062 τρίδα·
364 1995 540 2064 ταύτη
569 1996 849 2063 ἐκέχρητο.
907 2015 1042 2084 μετα
1068 1996 1129 2047 δε
1154 2014 1259 2063 την
1284 1995 1593 2063 δυστυχίαν
1617 1990 1823 2045 ὑποδέ-

132 2099 290 2148 χεται
328 2077 503 2132 αὐτὸν
527 2077 559 2147 ἡ
589 2082 802 2148 μεῖραξ,
843 2081 935 2131 καὶ
959 2077 1346 2152 συναπαίρειν
1374 2059 1886 2179 ἐπαγγελλομένηὶ

136 2160 270 2229 παρ’
293 2162 463 2232 ἑαυτῇ
490 2163 723 2231 κατέχει,
752 2165 1142 2232 κρυπτόμενον
1169 2165 1302 2225 τέως
1327 2162 1429 2225 ἕως
1453 2159 1524 2215 ἂν
1544 2158 1825 2214 συσκευά-

136 2261 311 2316 σηται.
364 2247 457 2299 καὶ
491 2246 523 2315 ἡ
553 2248 893 2317 Δημαινέτη,
930 2252 1176 2317 μακαρία
1213 2248 1316 2316 μὲν
1348 2245 1623 2316 Ἀρσινόη,
1662 2246 1820 2312 φησί,

133 2335 231 2400 τῆς
266 2350 324 2384 τε
363 2333 640 2398 πρότερον
671 2332 810 2400 πρὸς
834 2334 1118 2401 Κνήμωνα
1145 2333 1450 2400 συνηθείας
1475 2331 1568 2383 καὶ
1592 2332 1690 2397 τῆς
1715 2324 1823 2380 σὺν

136 2414 286 2486 αὐτῷ
322 2417 454 2469 νυνὶ
485 2417 954 2486 προσδοκωμένης
981 2416 1268 2485 ἐκδημίας·
1311 2413 1455 2467 ἀλλὰ
1477 2416 1535 2466 τί
1553 2414 1726 2466 ταῦτα
1751 2408 1823 2464 ἂν

137 2505 221 2569 εἴη
260 2498 401 2567 πρὸς
437 2498 603 2569 ἡμᾶς,
647 2501 887 2569 μεγάλα,
930 2504 1036 2570 ἔφη
1050 2541 1065 2569 ,
1105 2493 1150 2553 ὦ
1186 2500 1468 2553 δέσποινα.
1546 2499 1682 2564 ἐρᾶν
1719 2496 1822 2565 μὲν

137 2582 245 2652 ἐγώ
270 2583 719 2652 προσποιήσομαι
745 2589 847 2637 τοῦ
873 2584 1180 2654 Κνήμωνος
1196 2625 1210 2652 ,
1239 2582 1605 2653 παρακαλέσω
1631 2580 1693 2634 δὲ
1718 2578 1821 2649 τὴν

1851 2272 1893 2306 25

132 2666 445 2736 Ἀρσινόην,
486 2661 664 2721 οὖσάν
702 2688 795 2737 μοι
833 2671 1006 2722 πάλαι
1041 2670 1329 2737 γνώριμον
1353 2666 1462 2720 ἀπὸ
1487 2669 1585 2734 τῆς
1609 2664 1820 2733 τέχνης,
1850 2690 1892 2724 30

139 2754 454 2821 εἰσαγαγεῖν
491 2772 558 2820 με
598 2751 671 2814 ὥς
709 2751 884 2817 αὐτὸν
914 2753 1138 2819 νύκτωρ
1177 2750 1312 2805 ἀνθ’
1341 2750 1553 2819 ἑαυτῆς.
1604 2747 1744 2816 ἅπερ
1773 2749 1824 2800 εἰ

136 2837 375 2906 γένοιτο,
404 2835 507 2889 σὸν
533 2836 605 2889 ἄν
632 2842 716 2906 εἰή
743 2836 805 2891 τὸ
834 2838 1103 2907 ἐντεῦθεν
1124 2836 1414 2903 Ἀρσινόην
1441 2831 1584 2887 εἶναι
1609 2834 1818 2900 δοκεῖν,
