1916 3132
697 133 826 180 CAP.
857 129 1241 177 XXIIH-XXVI
1701 129 1811 182 243

108 279 215 332 quo
255 259 497 313 confecto
537 254 821 310 simulatur
858 253 1157 308 necessaria
1187 251 1512 322 praecordiis
1543 250 1808 304 leniendis

108 335 313 405 bilique
354 330 743 387 subtrahendae
789 328 884 381 illa
921 327 1248 398 praenobilis
1289 326 1440 396 potio
1450 369 1464 395 ,
1512 343 1674 396 quam
1713 345 1807 378 sa-

110 428 277 464 cram
324 407 589 461 doctiores
634 403 936 472 nominant,
986 402 1079 456 sed
1125 402 1181 455 in
1233 401 1347 454 eius
1393 401 1510 454 uice
1559 399 1808 453 subditur

112 484 217 537 alia
237 481 588 551 Proserpinae
620 496 770 532 sacra
794 476 968 530 Saluti
999 476 1273 546 <infesta>.
1336 475 1464 528 iam·
1491 475 1565 545 [p.
1585 474 1805 544 198.E.]

31 575 36 580 ·
67 581 88 614 5
113 576 216 628 que
253 558 533 627 praesente
572 552 778 606 familia
816 555 870 604 et
900 570 1008 604 non
1039 550 1204 603 nullis
1237 550 1422 603 amicis
1455 553 1508 602 et
1540 549 1808 602 adfinibus

111 634 331 703 aegroto
369 629 607 682 medicus
638 626 891 697 poculum
923 626 1089 695 probe
1120 627 1478 695 temperatum
1518 623 1681 677 manu
1713 642 1811 677 sua

109 705 432 776 porrigebat.
498 700 695 755 XXVI.
736 701 829 754 sed
869 700 1042 753 audax
1080 699 1175 752 illa
1211 699 1421 769 mulier,
1459 702 1522 750 ut
1562 697 1725 751 simul
1755 701 1810 752 et

111 779 384 834 conscium
423 776 637 830 sceleris
678 775 992 828 amoliretur
1030 778 1084 826 et
1125 792 1285 844 quam
1330 773 1684 842 desponderat
1721 791 1809 842 pe·

111 853 323 920 cuniam
375 852 696 920 lucraretur,
750 868 928 903 coram
984 849 1198 902 detento
1251 848 1413 901 calice
1462 847 1589 900 ‘non
1636 847 1810 916 prius'

43 952 90 986 10
111 928 290 998 inquit
328 926 677 980 ‘medicorum
725 924 949 994 optime,
995 941 1104 976 non
1149 923 1300 992 prius
1348 922 1625 976 carissimo
1672 920 1808 974 mihi

109 1003 304 1057 marito
358 1000 536 1054 trades
590 1000 751 1067 istam
804 999 1100 1068 potionem,
1162 1015 1323 1067 quam
1378 997 1441 1049 de
1497 1015 1558 1049 ea
1610 996 1807 1048 bonam

109 1081 319 1147 partem
356 1074 599 1128 hauseris
638 1070 767 1143 i‘pse.
844 1073 984 1125 unde
1031 1072 1174 1125 enim
1221 1072 1331 1125 scio
1381 1090 1448 1124 an
1487 1071 1710 1123 noxium
1751 1070 1808 1123 in

111 1171 175 1206 ea
209 1151 376 1204 lateat
412 1147 714 1202 uenenum?
792 1166 926 1216 quae
965 1165 1051 1199 res
1089 1146 1275 1216 utique
1315 1149 1384 1216 te,
1431 1148 1542 1198 tam
1582 1145 1808 1214 pruden-

109 1230 221 1280 tem
259 1228 476 1293 tamque
517 1223 732 1276 doctum
764 1222 958 1292 uirum,
996 1239 1334 1290 nequaquam
1368 1220 1610 1289 offendet,
1650 1220 1697 1271 si
1727 1238 1806 1272 re·
1853 1254 1856 1258 -

26 1323 87 1358 ,15
109 1299 306 1371 ligiosa
343 1317 479 1351 uxor
518 1297 659 1350 circa
697 1296 924 1349 salutem
963 1295 1145 1348 mariti
1184 1294 1418 1348 sollicita
1455 1294 1808 1347 necessariam

110 1374 291 1428 adfero
329 1371 621 1443 pietatem.'

222 1447 340 1511 Qua
376 1447 514 1499 mira
553 1445 920 1515 desperatione
952 1444 1286 1497 truculentae
1320 1443 1550 1496 feminae
1583 1445 1804 1511 repente

31 1543 34 1545 ’
109 1522 455 1592 perturbatus
501 1520 739 1573 medicus
786 1536 1147 1588 excussusque
1193 1521 1310 1571 toto
1366 1517 1588 1571 consilio
1638 1520 1691 1569 et
1738 1517 1806 1569 ob

110 1596 414 1667 angustiam
437 1594 696 1664 temporis
729 1594 902 1663 spatio
931 1592 1201 1663 cogitandi
1225 1591 1486 1662 priuatuS,
1518 1595 1804 1660 antequam

25 1694 89 1728 »ω
109 1670 465 1741 trepidatione
514 1669 695 1737 aliqua
742 1668 824 1722 uel
875 1667 1212 1720 cunctatione
1262 1658 1380 1736 ipssa
1429 1666 1580 1719 daret
1630 1665 1801 1717 malae

111 1744 466 1798 conscientiae
505 1743 879 1812 suspicionem,
926 1742 1160 1795 indidem
1201 1740 1265 1793 de
1303 1739 1522 1810 potione
1563 1740 1807 1810 gustauit

112 1818 373 1888 ampliter.
436 1836 597 1887 quam
619 1817 780 1869 fidem
805 1820 1020 1870 secutus
1045 1815 1354 1868 adulescens
1379 1815 1555 1884 etiam,
1587 1817 1804 1882 sumpto

110 1893 287 1963 calice,
327 1892 469 1963 quod
501 1891 823 1944 offerebatur
852 1890 1047 1943 hausit.
1111 1890 1178 1942 ad
1209 1890 1374 1942 istum
1405 1889 1624 1941 modum
1655 1906 1804 1956 prae-

111 1968 250 2022 senti
279 1969 550 2020 transacto
582 1965 798 2035 negotio
830 1965 1067 2018 medicus
1101 1983 1261 2034 quam
1286 1963 1558 2016 celerrime
1585 1962 1803 2014 domum
1821 2000 1851 2020 ⁴
1872 1990 1916 2032 μή

30 2061 86 2100 :25
108 2031 407 2095 remeabafi‘
418 2039 693 2093 salutifera
729 2040 948 2109 potione
979 2042 1184 2108 pestem
1214 2036 1578 2107 praecedentis
1610 2036 1802 2088 ueneni

106 2114 368 2170 festinans
407 2114 733 2185 extinguere.
809 2133 906 2167 nec
954 2131 1076 2166 eum
1124 2111 1484 2165 obstinatione
1528 2110 1801 2180 sacrilega,

96 2208 217 2260 qua
254 2189 419 2243 semel
457 2192 724 2258 coeperat,
770 2187 1071 2240 truculenta
1116 2185 1310 2238 mulier
1346 2202 1525 2255 ungue
1564 2184 1729 2241 latius
1772 2204 1803 2237 a

109 2282 168 2318 se
205 2263 470 2318 discedere
508 2282 666 2332 passa
712 2265 794 2315 est
832 2260 1184 2330 ‘priusquam'
1224 2260 1400 2329 inquit
1439 2256 1675 2329 ‘digesta‘
1708 2278 1801 2328 po-

111 2337 257 2392 tione
294 2337 585 2391 medicinae
630 2339 924 2406 prouentus
973 2334 1260 2404 appareat'‚
1306 2334 1398 2387 sed
1437 2333 1802 2405 aegreg'preci-

231 2532 258 2571 3
289 2525 442 2571 uicem
472 2527 602 2573 Stew.
632 2526 799 2584 Haupt
907 2531 934 2569 4
968 2523 1122 2569 Saluti
1151 2525 1316 2581 scripsi
1347 2523 1592 2585 <infesta>
1624 2523 1801 2568 inserui

113 2585 266 2632 Saluti
296 2587 417 2632 inter
446 2599 628 2631 sacram
657 2592 699 2632 et
735 2585 967 2630 doctiores
999 2585 1186 2629 collocat
1216 2584 1383 2641 Haupt
1504 2587 1558 2626 14
1592 2580 1798 2627 offendet

111 2646 275 2704 scripsi
306 2644 504 2690 offendit
533 2646 634 2691 cdd.
758 2649 814 2688 20
844 2642 1162 2700 trepidatione
1194 2642 1355 2699 aliqua
1385 2641 1463 2687 uel
1496 2641 1799 2686 cunctatione

114 2704 220 2809 Ra
258 2721 294 2762 φ
356 2703 672 2772 trepidatione
710 2703 789 2771 uel
829 2702 990 2759 aliqua
1028 2701 1337 2770 cunctatione·
1369 2702 1474 2759 ipsa
1512 2701 1548 2744 F
1565 2701 1617 2745 E.
1679 2702 1797 2758 trep.

112 2764 354 2881 afflet,
376 2763 1146 2878 ⁶2¹253012132¹¹3ussffisssffpr0b233
1168 2762 1799 2882 ἳξὲἑξὲῖῗθδωθξῗέῃῗῗ

200 2884 254 2929 in
289 2897 321 2927 u
358 2895 471 2928 corr.
502 2897 560 2927 m.
591 2897 629 2929 r.
669 2888 710 2928 et
740 2901 753 2937 ;
785 2884 837 2927 in
873 2894 964 2926 ras.
1002 2881 1222 2938 scriptum
1258 2886 1343 2936 est,
1381 2880 1567 2926 uidetwr
1603 2880 1746 2935 fuisse
1782 2878 1799 2904 ²

130 2943 203 2999 ur>
292 2955 406 3002 egra
436 2941 472 2985 F
519 2954 631 2998 egra
662 2958 698 2998 φ

1356 3014 1441 3057 16*
1492 3061 1525 3088 .
