1916 3132
769 100 862 146 ΔΕ
870 98 1148 146 YTEPON
1727 94 1795 148 51

100 243 238 311 σβης
260 237 352 295 ἐπὶ
373 237 436 292 τὸ
458 236 749 307 σπήλαιον.
799 238 858 289 οἳ
874 235 954 303 δέ,
987 238 1045 288 τί
1064 236 1452 303 διαφέρουσαν
1474 233 1626 304 αὐτῷ
1645 233 1680 304 ἢ
1700 234 1773 287 πό
1783 267 1798 274 ·

98 331 206 380 θεν
241 323 551 394 γενομένην
588 320 866 390 έπιζητοίη
909 323 1143 390 Θίσβην,
1185 317 1434 388 ἠρώτων.
1512 321 1669 387 ἔλεγε
1708 318 1801 372 καὶ

98 413 271 464 ταῦτα
298 406 327 463 ὁ
358 407 696 476 Θέρμουθις,
725 405 818 459 καὶ
844 406 1088 475 διηγεῖτο
1116 402 1190 466 ὦς
1219 403 1484 473 ἐμπόρων
1510 401 1797 472 ἀφέλοιτο,

97 491 171 557 ὦς
194 490 417 563 ἠράσθη
443 495 719 560 μανικῶς,
759 491 851 544 καὶ
887 490 989 544 τὸν
1015 491 1119 558 μὲν
1146 487 1323 542 ἄλλον
1351 491 1629 557 ἔκρυπτεν
1657 490 1799 556 ἔχων

49 598 69 630 ⁵
97 578 324 649 χρόνον,
375 578 525 646 παρὰ
577 576 637 629 δὲ
677 573 778 644 τήν
819 578 1031 644 ἔφοδον
1069 578 1183 627 τῶν
1221 577 1506 641 πολεμίων
1545 575 1800 641 καθῆκεν

98 665 176 727 εἰς
211 662 275 717 τὸ
313 662 610 732 σπήλαιον,
652 662 744 714 καὶ
786 665 894 714 νῦν
931 657 1180 729 εὑρίσκει
1217 657 1358 727 πρὸς
1385 661 1558 711 τινῶν
1585 656 1797 727 ἀνῃρη-

95 749 289 819 μένην,
330 745 430 809 οὒς
457 747 561 800 οὐκ
589 750 700 815 ἔχει
727 746 831 814 μὲν
857 745 1179 814 γινώσκειν,
1219 744 1396 813 μάθοι
1433 742 1486 796 δ’
1517 738 1589 796 ἂν
1623 739 1799 813 ἡδέως

96 831 240 901 ὑπὲρ
278 837 380 886 τοῦ
419 835 633 900 γνῶναι
673 834 765 884 καὶ
804 829 906 900 τὴν
933 832 1135 884 αἰτίαν.
1199 826 1348 884 καὶὸ
1375 827 1626 898 Κνήμων
1654 826 1797 896 ἄγαν

98 915 835 987 ἐσπουδασμένως,<Θύαμι’ς
864 917 1019 970 ἔστιν
1045 912 1075 969 ὁ
1104 917 1397 985 σφαγεύςξ
1408 917 1619 982 ἔλεγεν,
1657 911 1797 966 ἀπο-

0 1019 65 1065 ,ιο
95 1003 379 1056 λύσασθαι
405 1005 503 1071 τῆς
527 999 772 1066 ὑποψίας
798 999 1000 1055 ἑαυτὸν
1029 999 1422 1068 ἐπειγόμενος,
1463 997 1555 1051 καὶ
1582 998 1794 1067 μαρτύ-

96 1106 221 1155 ριον
262 1085 560 1139 ἐπεδείκνυ
599 1085 660 1139 τὸ
700 1088 886 1154 ξίφος,
929 1083 959 1138 ὃ
993 1084 1145 1152 παρὰ
1171 1083 1274 1154 τήν
1302 1082 1530 1154 σφαγὴν
1559 1081 1795 1154 εὑρήκε-

94 1188 217 1239 σαν.
284 1168 356 1235 ὠς
382 1171 444 1224 δὲ
473 1167 622 1224 εἶδεν
649 1168 677 1222 ὁ
707 1170 1026 1240 Θέρμουθις
1053 1172 1132 1222 ἔτι
1159 1174 1259 1223 τοῦ
1287 1171 1516 1240 αἵματος
1543 1167 1796 1222 ἀποστά-

92 1259 184 1322 ζον
224 1255 316 1308 καὶ
365 1255 466 1310 τὸν
503 1255 612 1324 πρὸ
652 1250 846 1323 ὀλίγου
875 1253 1057 1323 φόνον
1083 1256 1303 1323 θερμὸν
1331 1258 1411 1308 ἔτι
1438 1252 1537 1307 τὸν
1564 1256 1797 1323 σίδηρον

91 1331 477 1408 ἀποπτύονταξ
516 1339 789 1409 έγνωρισέ
811 1359 869 1392 τε
897 1335 1040 1392 εἶναι
1071 1339 1377 1408 Θυάμιδος,
1417 1337 1574 1407 βαθύ
1612 1358 1663 1391 τι
1703 1338 1796 1390 καὶ

24 1443 64 1478 15
93 1425 306 1494 βύθιον
334 1425 620 1493 στενάξας,
651 1425 743 1479 καὶ
770 1423 832 1478 τὸ
857 1423 1091 1493 γεγονὸς
1118 1423 1266 1487 ὅπως
1294 1421 1441 1492 εἶχεν
1468 1422 1795 1492 ἀμηχανῶν,

91 1506 256 1580 ἀχλύι
295 1510 388 1563 καὶ
428 1514 556 1581 σιγῇ
596 1513 830 1579 κάτοχος
872 1511 963 1563 ἐπὶ
1002 1508 1063 1562 τό
1104 1508 1335 1577 στόμιον
1374 1506 1645 1562 ἀνεδύετο
1695 1511 1799 1561 τοῦ

93 1598 392 1665 σπηλαίου,
421 1596 513 1647 καὶ
535 1593 687 1662 παρά
709 1595 769 1648 τὸ
790 1599 947 1663 σῶμα
969 1598 1066 1663 τῆς
1087 1596 1343 1663 κειμένης
1371 1592 1546 1662 ἥκων,
1577 1592 1797 1655 ἐπιθείς

91 1701 149 1733 τε
176 1689 289 1742 τοῖς
315 1679 568 1747 στέρνοις
594 1679 698 1748 τήν
725 1681 1000 1750 κεφαλήν,
1028 1670 1072 1732 ὦ
1095 1682 1275 1748 Θίσβη
1305 1682 1480 1746 ἔλεγε,
1510 1678 1600 1731 καὶ
1630 1682 1795 1731 τοῦτο

91 1765 386 1835 πολλάκις,
426 1766 519 1818 καὶ
557 1766 729 1819 πλέον
767 1762 956 1832 οὐδέν,
999 1764 1101 1827 ἕως
1135 1764 1196 1817 τὸ
1239 1761 1416 1831 ὄνομα
1451 1761 1590 1815 κατά
1629 1765 1795 1832 μέρος

19 1867 62 1900 20
92 1851 424 1921 ἀποτέμνων
450 1852 542 1904 καὶ
570 1850 709 1904 κατὰ
732 1848 938 1919 μικρὸν
966 1851 1246 1904 ἐκλείπων
1273 1851 1481 1902 ἔλαθεν
1509 1849 1586 1911 είς
1608 1845 1794 1900 ὕπνον

96 1936 371 2006 ἐμπεσών.

199 2024 276 2090 τῷ
312 2022 374 2075 δὲ
403 2020 667 2089 Θεαγένει
706 2020 799 2073 καὶ
837 2024 903 2090 τῇ
930 2021 1236 2088 Χαρικλείᾳ
1274 2019 1498 2086 συνάμα
1531 2021 1608 2088 τῷ
1635 2017 1788 2087 Κνή-
1814 2021 1891 2074 15⁷

93 2126 236 2175 μωνι
275 2105 503 2159 πάντων
542 2107 733 2158 ἔννοια
770 2108 884 2158 τῶν
923 2103 1058 2157 καθ’
1088 2102 1324 2166 ἑαυτούς
1357 2101 1577 2170 ἀθρόον
1607 2103 1797 2156 ἐπεισ-

93 2193 200 2262 ῄει,
240 2192 334 2243 καὶ
372 2198 607 2243 σκοπεῖν
643 2191 745 2257 μέν
782 2209 835 2242 τι
871 2187 1240 2258 βουλομένοις
1279 2187 1550 2260 ἐῴκεσαν,
1590 2192 1705 2241 τῶν
1733 2187 1793 2239 δὲ

27 2289 69 2322 25
99 2277 505 2344 παρελθόντων
538 2271 814 2342 ἀλγεινῶν
850 2272 912 2326 τὸ
946 2274 1164 2342 πλῆθος
1202 2273 1294 2326 καὶ
1334 2277 1449 2326 τῶν
1488 2272 1805 2340 παρουσῶν]

96 2364 412 2431 συμφορῶν
449 2357 511 2412 τό
546 2358 762 2426 ἄπορον
791 2359 882 2411 καὶ
911 2362 1026 2411 τῶν
1051 2358 1540 2427 προσδοκωμένων
1565 2355 1627 2410 τὸ
1655 2356 1729 2409 άδ
1736 2378 1791 2425 η-

97 2448 200 2498 λον
228 2444 433 2513 έζόφου
459 2447 556 2513 τῆς
581 2446 761 2513 ψυχῆς
787 2441 847 2496 τό
875 2445 1253 2511 λογιζόμενον.
1319 2445 1396 2505 εἰς
1430 2440 1709 2511 ἀλλήλους
1736 2441 1796 2494 δὲ

99 2527 191 2582 ἐπὶ
228 2532 493 2582 πλεῖστον
531 2527 742 2597 ἑώρων,
785 2527 879 2580 καὶ
918 2526 1148 2591 ἕκαστος
1186 2527 1286 2581 τὸν
1312 2529 1508 2597 ἕτερον
1541 2529 1720 2580 εἰπεῖν
1745 2546 1798 2578 τι

98 2613 456 2683 προσδοκῶν,
498 2609 614 2666 εἶτα
652 2611 1059 2682 ἀποτυγχάνων
1088 2614 1163 2674 εἰς
1187 2613 1294 2682 γῆν
1321 2611 1382 2665 τὸ
1408 2612 1623 2681 βλέμμα
1664 2610 1798 2663 ἐπέ-

29 2709 71 2744 30
102 2711 327 2764 στρεφε,
367 2699 459 2750 καὶ
494 2695 809 2760 ἀνανεύσας
845 2689 1014 2760 αὖθις
1047 2695 1378 2765 ἀνέπνευσε,
1417 2697 1710 2763 στεναγμῷ
1736 2691 1798 2745 τὸ

5 2771 7 2778 ²
95 2775 286 2845 πάθος
325 2781 711 2851 ἐπικουφίσας.
787 2782 880 2835 καὶ
928 2781 1084 2844 τέλος
1121 2784 1301 2835 κλίνει
1338 2781 1442 2850 μὲν
1481 2777 1682 2834 ἑαυτὸν
1720 2779 1798 2839 εἰς

103 2867 168 2935 τή
179 2886 210 2919 ν
245 2869 352 2934 γῆν
387 2863 416 2918 ὁ
443 2866 709 2943 Κνήμων,
750 2864 966 2932 ὀκλάζει
993 2867 1053 2919 δὲ
1082 2867 1175 2920 ἐπὶ
1201 2866 1411 2933 πέτραν
1439 2862 1468 2915 ὁ
1498 2862 1795 2929 Θεαγένης,

1468 2951 1538 2998 4*

1465 3010 1498 3036 Ο
