1916 3132
209 29 330 126 {90⁰
875 76 1234 125 EBAOMON

204 210 387 275 ἄλλως
422 214 563 281 πρὸς
599 210 849 282 άσεμνον
859 189 1104 284 ἡδονὴν
1142 213 1436 283 ἐπίφορον,
1474 213 1600 267 τότε
1636 214 1699 267 δὲ
1723 214 1896 268 πλέον

180 294 315 378 χὺπὸ
354 300 491 401 θέας
528 297 744 367 ἀμάχου
781 303 880 368 τῆς
919 298 1253 366 Θεαγένους,
1294 298 1385 350 καὶ
1423 296 1520 359 τὰς
1557 297 1781 351 πώποτε
1819 299 1898 362 εἰς

204 391 407 451 πεῖραν
447 365 730 446 ελθούσας
768 381 922 447 ὄψεις
960 380 1438 461 υπερπαιουσης,>
1463 381 1895 451 ἀνακαιόμενον.

203 468 512 535 παννύχιος
536 472 681 535 γοῦν
708 470 905 536 ἔκειτο,
933 468 1122 520 πυκνὰ
1147 467 1250 535 μὲν
1276 465 1415 534 πρὸς
1434 465 1700 535 ἑκατέραν
1718 469 1896 520 πλευ-

203 550 311 620 ράν
349 551 411 605 τὸ
447 556 606 620 σῶμα
633 552 973 622 στρέφουσα,
1013 549 1202 603 πυκνοὶ
1231 552 1292 604 δὲ
1319 548 1411 604 καὶ
1436 552 1648 619 βύθιον
1675 551 1894 605 ἐπιστέ-

202 650 400 703 νουσα,
441 640 551 688 νῦν
587 638 692 705 μὲν
731 635 1051 706 ὀρθουμένη
1091 638 1201 687 νῦν
1237 636 1298 687 δὲ
1335 632 1646 699 ὀκλάζουσα
1681 637 1772 689 ἐπὶ
1797 638 1896 704 τῆς

201 723 520 790 στρωμνῆς,
571 723 663 774 καὶ
710 724 806 790 τῆς
854 721 1092 789 ἐσθῆτος
1131 717 1335 789 ἑαυτήν
1373 721 1512 773 κατὰ
1551 721 1715 820 μέρος
1752 717 1894 772 ἀπο-

6 809 142 893 452‘2}
200 807 526 875 γυιινοῦσα,
567 806 659 858 και
697 797 865 868 αὖθις
903 801 1130 872 ἀθρόον
1162 805 1254 857 ἐπὶ
1292 802 1396 873 τὴν
1436 802 1652 895 εὐνὴνζ
1647 803 1895 873 καταφέ-

94 867 131 913 s
202 906 394 957 ρουσα.
447 893 546 942 καί
566 909 701 943 ποτε
729 891 821 942 καὶ
849 890 1152 957 παιδίσκην
1178 888 1612 966 ἀπροφασίστως
1609 862 1891 956 7’προσκα-

201 974 428 1042 λέσασα,
457 966 624 1036 αὖθις
640 972 964 1042 ἀπέπεμπεν
985 970 1154 1026 οὐδὲν
1174 973 1546 1026 ἐπιστείλασα.
1587 972 1680 1024 καὶ
1700 969 1890 1052 ἁπλῶς

203 1060 278 1120 εἰς
302 1061 509 1127 μανίαν
538 1059 819 1112 ἐλάνθανε
852 1057 1054 1111 λοιπὸν
1080 1054 1109 1110 ὁ
1136 1060 1275 1126 ἔρως
1300 1054 1753 1125 ὑποφερόμενος,
1791 1055 1894 1120 ἕως

201 1144 272 1211 δή
310 1163 394 1205 τις
430 1146 760 1211 πρεσβῦτις,
810 1140 984 1210 ὄνομα
1022 1144 1280 1216 Κυβέλη,
1319 1144 1434 1193 τῶν
1470 1141 1894 1210 θαλαμηπόλων

202 1229 295 1279 καὶ
335 1228 601 1296 συνήθως
638 1222 706 1279 τά
746 1225 986 1295 ε’ρωτικά
1023 1230 1094 1296 τῇ
1133 1225 1374 1295 Ἀρσάκῃ
1413 1226 1891 1293 διακονουμένων,

201 1312 581 1379 εἰσδραμοῦσα
621 1313 697 1374 εἰς
735 1309 834 1364 τὸν
870 1313 1135 1379 θάλαμον
1174 1313 1366 1377 (ἔλαθε
1404 1308 1509 1377 γάρ
1549 1306 1726 1377 αὐτὴν
1761 1307 1889 1362 οὐδ’

199 1394 392 1449 ὁτιοῦν
427 1399 542 1448 τῶν
576 1398 911 1464 γινομένων,
952 1395 1050 1448 ἅτε
1076 1395 1288 1463 λύχνου
1315 1397 1619 1463 φαίνοντος
1645 1393 1740 1446 καὶ
1765 1385 1916 1446 οἶον1

200 1481 646 1544 συνεξάπτοντος
664 1483 732 1549 τῇ
753 1478 1007 1580 Ἀρσάκῃ
1030 1478 1128 1532 τὸν
1156 1482 1355 1547 ἔρωτα)
1377 1481 1433 1531 τί
1454 1482 1649 1544 ταῦτα,
1677 1480 1888 1545 ἔλεγεν,

200 1585 242 1617 ω
285 1564 579 1627 δεσποίνας
621 1568 678 1617 τί
712 1580 774 1617 σε
812 1565 943 1617 νέον
980 1585 1012 1632 η
1055 1561 1255 1616 καινὸν
1293 1561 1526 1628 ἀλγύνει
1563 1562 1770 1624 πάθος;
1808 1564 1892 1623 τίς

200 1650 372 1702 πάλιν
395 1646 593 1716 ὀφθεις
614 1647 715 1716 τῆν
745 1645 886 1717 ἐμὴν
903 1649 1252 1716 διαταράττει
1273 1630 1580 1745 τροφίμην;
1608 1649 1690 1707 τίς
1714 1642 1892 1707 οὕτως

199 1730 416 1798 ἀλαζων
454 1731 547 1784 καὶ
586 1735 814 1800 ἔκφρων
850 1752 925 1792 ως
957 1735 1058 1784 τοῦ
1093 1731 1232 1784 κατα
1259 1734 1321 1784 σε
1347 1729 1622 1782 τοσούτου
1647 1730 1892 1792 κάλλους

198 1814 270 1886 μὴ
298 1815 602 1886 ἡττῆσθαι,
640 1818 779 1884 μηδὲ
808 1815 1175 1883 εὐδαιμονίαν
1199 1812 1461 1883 ἡγεῖσθαι
1486 1811 1589 1882 τὴν
1614 1812 1722 1881 σὴν
1749 1812 1916 1882 έρά-ς

200 1915 366 1969 σμιον
393 1899 635 1968 ὁμιλίαν,
665 1899 805 1953 ἀλλά
830 1903 1007 1968 νεῦμα
1033 1897 1094 1951 τὸ
1123 1900 1226 1951 σὸν
1253 1898 1344 1950 καὶ
1363 1897 1580 1965 βουλὴν
1599 1895 1888 1965 ὑπερφρο-

198 1995 346 2047 νεῐν;
384 1987 563 2048 ἔξειπε
589 1984 784 2053 μόνον,
813 1980 860 2037 ὦ
884 1984 1239 2052 γλυκύτατον
1267 1980 1386 2050 ἐμοὶ
1408 1983 1662 2034 παιδίον·
1703 1979 1890 2044 οὐδεὶς

200 2069 379 2132 οὕτως
399 2069 773 2137 ἀδαμάντινος
792 2068 867 2132 ὠς
891 2067 962 2136 μή
991 2077 1105 2130 τοῖς
1130 2064 1415 2135 ἡμετέροις
1441 2062 1654 2117 ἁλῶναι
1677 2064 1885 2133 θελγή-

199 2173 365 2222 τροις.
431 2155 639 2221 ἔξειπε,
679 2156 772 2206 καὶ
811 2152 915 2207 οὐκ
955 2148 1026 2205 ἀν
1065 2154 1311 2220 φθάνοις
1348 2149 1604 2202 ἀνύουσα
1641 2147 1709 2201 τά
1747 2147 1887 2201 κατά

197 2239 444 2309 γνώμην.
524 2241 707 2306 ἔργοις
745 2239 834 2307 δέ,
885 2233 1066 2306 οἶμαι,
1115 2238 1384 2297 πολλάκις
1420 2234 1525 2303 τὴν
1562 2242 1764 2302 πεῖραν
1803 2237 1883 2286 εἴ-
1914 2301 1916 2303 ¹

199 2328 397 2424 ληφςξς
1899 2318 1902 2321 ’

118 2414 183 2465 10
303 2405 343 2476 ἡ
375 2407 480 2476 μεν
515 2410 690 2459 ταῦτα
725 2408 818 2459 καὶ
846 2405 1009 2474 ὅμοια
1034 2405 1195 2471 ε’τερα
1221 2405 1528 2471 κατεπῇδε,
1565 2399 1744 2455 πολλοὶ
1772 2408 1889 2463 τοῖς

200 2493 331 2545 ποσὶ
363 2493 460 2558 τῆς
484 2489 755 2558 Ἀρσάκης
779 2472 1257 2559 προσκνυζομένηζ
1282 2487 1373 2540 καὶ
1400 2489 1688 2548 παντοίαις
1713 2489 1886 2538 κολα-

201 2580 376 2638 κείαις
404 2576 642 2638 ἐξειπεῖν
667 2575 730 2626 τὸ
758 2575 940 2635 πάθος
968 2573 1308 2640 ἐπαγομένη·
1349 2571 1386 2639 ὴ
1421 2572 1481 2624 δὲ
1516 2567 1718 2639 μικρὸν
1744 2568 1886 2668 ἐφη-

200 2661 515 2728 συχάσασα,
544 2659 844 2727 βέβλημαι,
875 2677 1048 2725 ειπεν,
1076 2658 1117 2708 c5
1146 2656 1427 2724 μητέριον,
1456 2675 1530 2716 ως
1554 2652 1710 2706 οὔπω
1735 2651 1881 2721 πρό-

199 2764 390 2812 τερον·
422 2741 514 2796 καὶ
533 2744 713 2795 πολλὰ
737 2740 804 2810 δὴ
828 2741 970 2811 πρὸς
990 2745 1093 2794 σοῦ
1114 2740 1208 2791 καὶ
1228 2739 1496 2801 πολλάκις
1525 2731 1591 2790 εὖ
1616 2738 1886 2790 παθοῦσα

201 2831 265 2883 ἐν
295 2827 509 2897 ὁμοίαις
535 2836 652 2888 ταῖς
677 2829 902 2896 χρείαις,
932 2824 1037 2880 οὐκ
1066 2820 1192 2876 οἶδα
1220 2825 1270 2876 εἰ
1294 2825 1386 2877 καὶ
1416 2827 1525 2876 νῦν
1549 2822 1651 2885 ἔξω
1678 2838 1894 2888 κατορ-.
