1916 3132
14 1065 56 1101 10

13 1490 54 1523 15

8 1912 52 1946 20

754 150 1130 198 AEYTEPON
1722 147 1792 201 65

90 292 192 343 τοῦ
218 288 341 342 τότε
368 288 810 356 ἐπικρατοῦντος
836 285 1068 356 ἀστέρος
1107 287 1505 356 ἐπιβρίσαντος
1530 284 1624 339 καὶ
1650 283 1791 356 πρὸς

89 371 152 428 τὸ
191 371 558 442 αἰσχρότερον
595 374 710 426 τῶν
747 374 932 440 ἔργων
971 371 1353 441 ἐκνικηθείην.
1419 366 1451 423 ὂ
1485 371 1551 424 δέ
1571 390 1640 441 με
1675 371 1785 440 πρὸ

89 457 318 512 πάντων
343 454 438 510 καὶ
466 457 558 511 ἐπὶ
585 460 760 510 πᾶσιν
796 455 1124 525 ἐξήλαυνεν,
1166 455 1224 508 οἱ
1254 456 1450 518 παῖδες
1474 448 1641 524 ἦσαν,
1691 452 1790 519 οὕς

87 540 123 612 ἡ
152 539 392 612 ἄρρητός
417 561 512 610 μοι
547 541 818 604 πολλάκις
845 539 908 593 ἐκ
946 543 1102 594 θεῶν
1129 542 1301 609 σοφία
1309 536 1582 608 ξιφήρεις
1607 539 1788 608 ἀλλή-

90 629 208 688 λοις
246 619 675 695 συμπεσεῖσθαι
698 626 1063 695 προηγόρευε.
1128 624 1497 694 περιγράφων
1524 627 1647 678 οὐν
1672 629 1787 677 τῶν

88 708 403 780 ὀφθαλμῶν
437 709 542 780 τήν
579 708 756 773 οὕτως
792 708 980 780 ἀπηνῆ
1016 710 1184 778 θέαν,
1223 707 1298 779 ἡν
1334 709 1787 779 ἐκτραπήσεσθαι

85 796 180 850 καὶ
205 792 306 849 τὸν
329 793 495 864 ἥλιον
521 793 717 861 εἰκάζω
755 796 926 864 νέφος
960 797 1058 864 τῆς
1095 792 1320 856 ἀκτῖνος
1344 794 1787 864 προκαλυψάμε-

85 900 208 949 νον,
249 880 343 933 καὶ
379 879 663 951 πατρῴαις
710 878 875 943 ὄψεσι
913 877 1012 932 τὸν
1049 880 1271 933 παίδων
1312 878 1498 948 φόνον
1536 877 1787 933 ἀθέατον

85 965 473 1035 χαριζόμενος,
515 962 778 1034 ἐξῶκιζον
819 963 1064 1033 ἐμαυτὸν
1100 968 1203 1034 γῆς
1241 983 1300 1016 τε
1337 965 1430 1016 καὶ
1470 964 1651 1027 οἰκίας
1677 982 1787 1017 πα-

85 1047 285 1121 τρῴας,
312 1048 418 1120 τὴν
444 1048 547 1118 μὲν
574 1046 753 1118 ὁρμὴν
779 1046 973 1102 οὐδενὶ
1000 1050 1249 1119 φράσας,
1277 1050 1567 1118 πρόφασιν
1594 1049 1684 1117 δέ,
1714 1045 1786 1112 ὡς

0 1193 4 1197 .
87 1135 166 1196 εἰς
192 1134 383 1204 Θήβας
407 1132 506 1197 τοὶς
530 1132 774 1203 μεγάλας
800 1131 1229 1203 ἀνακομίζομαι,
1270 1135 1648 1202 ποιησάμενος
1665 1175 1679 1202 ,
1709 1132 1784 1196 ῶς

83 1215 156 1272 ἀν
192 1219 442 1288 θάτερον
479 1221 594 1272 τῶν
634 1219 854 1271 παίδων
879 1216 980 1271 τὸν
1018 1218 1410 1287 πρεσβύτερον
1443 1220 1783 1288 θεασαίμην,

85 1305 207 1358 ἐκεῖ
237 1301 389 1372 παρά
423 1305 500 1373 τῷ
536 1299 922 1402 μητροπάτορι
958 1303 1082 1355 τότε
1120 1303 1407 1370 διάγοντα.
1471 1302 1686 1374 ch
1710 1322 1784 1371 ην

81 1386 259 1458 ὄνομα
294 1386 474 1458 αὐτῷ,
514 1387 556 1440 ῶ
595 1389 732 1452 ξένε.

190 1473 508 1542 συνεστάλη
545 1472 719 1525 πάλιν
746 1469 775 1524 ὁ
802 1473 1052 1539 Κνήμων
1079 1469 1268 1575 ῶσπερ
1303 1474 1380 1541 τῷ
1413 1468 1648 1540 ὀνόματι
1675 1475 1776 1525 τοῦ

86 1556 372 1626 Θυάμιδος
408 1556 643 1625 βληθεὶς
688 1553 792 1625 τὴν
830 1554 1026 1625 ἀκοήν.
1100 1556 1193 1608 καὶ
1233 1553 1264 1607 ὃ
1300 1555 1405 1624 μὲν
1444 1555 1781 1625 ἐκαρτέρησε

83 1643 363 1709 σιωπῆσαι
389 1645 503 1694 τῶν
524 1638 703 1708 ἐξῆς’
669 1659 883 1708 ενεκεν,
913 1635 946 1692 ὂ
971 1640 1032 1693 δὲ
1054 1642 1316 1708 ἐπέραινε
1334 1638 1436 1692 τὸν
1456 1639 1630 1708 λόγον
1651 1632 1778 1693 ωδε.

188 1729 515 1793 παραλείπω
568 1724 673 1794 τὴν
711 1723 773 1777 ἐν
810 1725 960 1794 μέσῳ
993 1725 1237 1794 πλάνην,
1277 1725 1319 1776 ῶ
1360 1726 1587 1776 νεανία·
1641 1739 1780 1777 συν-

80 1814 233 1863 τελεῖ
251 1809 361 1878 γὰρ
401 1806 571 1862 οὐδὲν
598 1810 676 1870 εἰς
706 1807 813 1878 τὴν
849 1806 1001 1877 παρά
1037 1812 1144 1862 σοῦ
1181 1808 1430 1878 ζήτησιν·
1474 1807 1777 1862 πυνθανό-
1796 1808 1867 1861 26

80 1912 247 1964 μενος
281 1894 343 1946 δὲ
389 1889 539 1947 εἷναί
580 1913 708 1947 τινα
745 1891 1013 1962 Δελφοὺς
1040 1892 1338 1963 Ἑλληνίδα
1373 1893 1570 1961 πόλιν,
1619 1892 1779 1961 ίεράν

82 1978 186 2047 μὲν
207 1977 586 2047 Ἀπόλλωνος,
625 1981 781 2031 θεῶν
809 1978 871 2030 δὲ
896 1982 1011 2031 τῶν
1038 1977 1231 2030 ἄλλων
1255 1978 1509 2046 τέμενος,
1549 1976 1778 2046 ἀνδρῶν

81 2062 143 2115 δὲ
181 2066 378 2133 σοφῶν
417 2062 809 2132 ἐργαστήριον,
859 2062 1119 2132 θορύβου
1167 2062 1228 2117 δὲ
1279 2063 1578 2132 δημώδους
1618 2059 1778 2125 ἐκτὸς

80 2143 490 2218 ἀνῳκισμένην,
529 2149 792 2200 ἔστελλον
831 2149 909 2210 εἰς
944 2147 1158 2217 ταύτην
1197 2148 1462 2217 ἐμαυτόν,
1503 2143 1776 2215 ἁρμόδιον

79 2233 156 2301 τῶ
181 2234 510 2301 προφητικῷ
538 2233 893 2300 καταγώγιον
918 2230 1022 2301 τὴν
1049 2232 1221 2300 ἱεροῖς
1244 2232 1339 2285 καὶ
1364 2234 1610 2293 τελεταῖς
1635 2229 1776 2283 ἀνα-

82 2316 347 2384 κειμένην
382 2314 726 2386 ὁριζόμενος,
764 2315 857 2369 διά
893 2335 953 2369 τε
990 2319 1088 2369 τοῦ
1123 2319 1440 2385 Κρισσαίου
1467 2314 1683 2368 κόλπου
1708 2319 1775 2384 τῇ

80 2402 265 2470 Κίρρα
302 2402 745 2470 προσορμισθεὶς
784 2402 847 2454 ἐκ
885 2399 1029 2462 νεῶς
1056 2399 1148 2453 ἐπὶ
1184 2399 1291 2469 τὴν
1317 2400 1485 2453 πόλιν
1511 2397 1772 2453 ἀνέθεον.

82 2483 202 2537 ἐπεὶ
229 2484 291 2538 δὲ
318 2484 577 2554 ἐπέστην,
613 2481 766 2554 ὀμφή
792 2505 860 2554 με
895 2482 968 2547 ῶς
1002 2483 1229 2554 ἀληθῶς
1267 2488 1397 2538 θεία
1422 2485 1776 2553 προσέβαλεν

80 2565 346 2636 αὐτόθεν,
386 2567 479 2621 καὶ
516 2567 583 2622 τά
618 2588 679 2622 τε
716 2567 916 2638 ἄλλαῆ
955 2570 1116 2633 πόλις
1142 2570 1403 2639 διαίτημα
1430 2568 1774 2636 κρειττόνων

80 2652 254 2720 ἔδοξε,
282 2650 374 2704 καὶ
401 2651 503 2722 οὐχ
537 2651 739 2721 ἥκιστα
774 2656 841 2723 τῇ
871 2653 1042 2721 φύσει
1066 2656 1163 2723 τῆς
1190 2657 1475 2724 περιοχῆς·
1517 2650 1637 2706 οἷον
1662 2650 1769 2720 γὰρ

81 2735 364 2805 φρούριον
403 2734 644 2806 ἀτεχνῶς
681 2736 774 2790 καὶ
813 2737 1171 2806 αὐτοσχέδιος
1198 2736 1503 2805 ἀκρόπολις
1544 2734 1573 2788 ὁ
1610 2740 1771 2802 Παρ-
1806 2784 1839 2809 Α

79 2818 289 2882 νασσός
326 2818 719 2891 ἀπαιωρεῖται,
760 2820 870 2890 πρὸ
907 2824 1102 2875 ποδῶν
1129 2821 1330 2890 λαγόσι
1353 2815 1455 2891 τὴν
1481 2819 1649 2874 πόλιν
1678 2817 1773 2884 ἐγ-

79 2905 503 2974 κολπισάμενος.

162 3008 377 3043 namon.
1401 2996 1430 3041 5
1492 3028 1525 3054 ,
