1916 3132
190 46 260 98 42
850 53 944 98 ΛΕ
952 52 1230 100 YTEPON

190 183 295 254 τὴν
324 185 386 239 ἐκ
412 189 525 239 τῶν
552 184 884 252 ἀνακτόρων
909 192 1263 257 κατείληφεν.
1307 186 1596 260 ὀφθαλμοὶ
1622 189 1886 260 δὲ·οἷφεγ-

189 279 307 338 γεῖς
333 271 392 323 οἱ
411 271 624 334 πάντας
649 275 726 341 τῷ
754 271 948 325 κάλλει
986 271 1493 345 καταστράψαντες,
1532 272 1632 337 οὕς
1667 273 1771 327 οὐκ
1807 272 1886 329 εἷ-

191 357 288 408 ὁεν
327 353 354 407 6
393 353 693 423 φονεύσας,
733 352 858 409 οἶδα
895 356 1154 427 ακριβῶς.
1207 354 1331 409 αλλ’
1362 357 1403 410 ὠ
1430 389 1515 398 --
1541 361 1596 411 τί
1617 357 1690 412 ἄν
1717 358 1786 412 σε’
1803 379 1886 423 τις

190 438 514 508 ὀνομάσειε,
555 440 816 509 νύμφην,
858 439 982 493 ἀλλ’
1011 440 1386 509 ἀνύμφευτος.
1442 442 1713 512 γαμετήνς
1755 439 1881 496 αλλ’

191 521 504 591 απείρατος.
562 527 686 577 τίνα
724 527 830 577 οὐν
867 524 1220 589 ανακαλέσω;
1262 528 1387 578 τίνα
1422 529 1916 596 προσφθέγξξομαι4

190 610 419 673 λοιπόν;
470 604 505 677 ἦ
554 607 664 676 άρα
711 607 773 660 τὸ
822 609 1050 662 πάντων
1090 607 1381 678 ὀνομάτων
1418 609 1668 680 ἥδιστον,
1708 613 1880 681 Χαρί-

190 695 413 756 κλειαν;
455 686 499 745 ὦ
527 695 851 761 Χαρίκλεια,
892 693 1113 763 θάρσει,
1154 692 1355 747 πιστὸν
1381 697 1521 762 ἔχεις
1546 696 1646 748 τὸν
1673 694 1885 765 ἐρώμε-

189 795 323 829 νον·
366 774 630 847 ἀπολήψῃ
658 797 725 846 με
762 777 965 847 μικρὸν
1004 777 1262 847 ὕστερον.
1316 778 1441 831 ἰδοὺ
1481 778 1587 847 γάρ
1627 794 1716 833 σοι
1751 778 1885 849 χοὰς

192 859 376 924 ἐπάξω
416 856 512 923 τὰς
551 864 797 930 ἐμαυτοῦ
837 863 1075 931 σφαγάς,
1118 863 1210 915 καὶ
1249 865 1547 932 σπείσομαι
1581 862 1644 917 τὸ
1670 863 1759 917 σοὶ
1787 867 1884 932 φί-

190 949 316 998 λιον
365 938 499 1014 αἷμα
546 944 773 1014 τούμόν.
851 947 959 1010 ἕξει
1007 947 1066 999 δὲ
1116 945 1256 1015 ἡμᾶς
1293 944 1656 1015 αὐτοσχέδιον
1693 951 1916 1018 μνῆμαΙ

187 1028 316 1082 τόδε
355 1027 417 1082 τὸ
457 1032 750 1097 σπήλαιον.
812 1031 1024 1095 ἐξέσται
1064 1031 1286 1091 πάντως
1323 1029 1585 1099 ἀλλήλοις
1623 1042 1884 1087 συνεῖναι

188 1113 325 1181 μετα
364 1118 510 1182 γοῦν
545 1114 817 1182 θάνατον,
869 1116 920 1167 εί
955 1116 1047 1167 καὶ
1086 1117 1251 1179 ζῶσιν
1291 1111 1318 1166 6
1357 1115 1574 1184 δαίμων
1611 1114 1715 1169 οὐκ
1756 1115 1884 1171 ἐπέ-

187 1208 369 1267 τρεψε.

126 1285 161 1336 5
295 1282 388 1335 καὶ
415 1281 525 1351 ἅμα
552 1283 733 1350 λέγων
763 1283 998 1351 ἐπέβαλε
1025 1280 1127 1351 τὴν
1153 1291 1310 1351 χεῖρα
1337 1281 1411 1346 ὠς
1437 1282 1499 1336 τὸ
1538 1282 1697 1353 ξίφος
1735 1299 1882 1339 σπα-

188 1367 437 1436 σόμενος.
497 1366 570 1429 ὠς
595 1369 656 1421 δὲ
695 1366 798 1436 οὐχ
837 1365 1118 1435 εὕρισκεν,
1163 1360 1208 1419 ὦ
1235 1366 1482 1437 Κνήμων
1510 1369 1766 1438 ἐβόησεν,
1807 1367 1877 1433 ὥς

188 1454 261 1504 σύ
300 1471 367 1519 με
406 1450 789 1518 ἀπολώλεκας,
831 1452 1250 1520 προσηδίκησας
1289 1452 1350 1506 δὲ
1388 1451 1481 1505 καὶ
1517 1456 1879 1524 Χαρίκλειαν,

185 1540 283 1603 τῆς
320 1533 546 1604 ἡδίστης
572 1533 750 1604 αὐτὴν
785 1538 1085 1597 κοινωνίας
1118 1533 1223 1604 ἤδη
1263 1534 1528 1603 δεύτερον
1566 1535 1880 1606 ἀποστερή-

188 1633 303 1682 σας.
346 1621 633 1672 καὶταῦτα
661 1618 980 1686 διεξιόντος,
1013 1621 1072 1671 ἐκ
1099 1622 1293 1686 μυχῶν
1318 1624 1420 1672 τοῦ
1448 1625 1728 1689 σπηλαίου
1756 1642 1877 1691 φω-

187 1707 285 1773 νῆς
325 1723 405 1764 τις
441 1695 575 1771 ἦχος
615 1703 928 1771 ἐξηκούετο,
960 1702 1234 1770 Θεάγενες
1272 1703 1564 1773 καλούσης.
1617 1701 1650 1757 ὃ
1684 1706 1746 1758 δὲ
1780 1703 1874 1758 οὐ-

187 1788 287 1840 δὲν
313 1788 609 1857 ταραχθεὶς
635 1784 924 1855 ὑπήκουσέ
947 1807 1024 1855 τε,
1062 1787 1154 1839 καὶ
1179 1785 1290 1854 ἥξω
1320 1787 1557 1856 φιλτάτη
1585 1790 1734 1859 ψυχή
1753 1792 1875 1843 ἔλε-
1906 1816 1916 1848 2

187 1892 302 1940 γεν.
358 1869 592 1941 εὔδηλος
618 1867 668 1925 εἷ
692 1870 818 1940 περὶ
845 1875 954 1940 γῆν
992 1875 1070 1924 ἔτι
1106 1871 1414 1940 φερομένη,
1454 1869 1516 1924 τὸ
1550 1873 1655 1940 μὲν
1691 1875 1881 1928 τοιού-

189 1976 291 2009 του
329 1955 607 2024 σώματος,
649 1947 717 2009 οὗ
755 1954 894 2024 πρὸς
931 1958 1063 2023 βίαν
1104 1956 1397 2024 ἐξηλάθης,
1438 1953 1773 2010 ἀποστατεῖν
1811 1955 1876 2010 οὐ

189 2041 460 2109 φέρουσα,
501 2037 563 2092 τὸ
603 2041 664 2092 δὲ
705 2037 796 2092 διὰ
836 2037 897 2092 τὸ
926 2039 1146 2108 ἄταφον
1175 2044 1307 2101 ἴσως
1334 2037 1444 2092 ὑπὸ
1472 2044 1774 2109 νερτερίων
1801 2043 1875 2094 εἰ-

189 2124 388 2176 δεόλων
415 2125 724 2192 εἰργομένη,
778 2144 884 2177 καν
912 2123 1089 2176 τούτω
1116 2127 1216 2176 τοῦ
1238 2125 1550 2192 Κνήμωνος
1575 2123 1686 2192 άμα
1713 2124 1878 2178 δασὶν

187 2206 456 2278 ἡμμέναις
497 2207 850 2274 ἐπιστάντος,
901 2202 1070 2269 αὖθις
1116 2205 1144 2261 ὁ
1185 2205 1353 2270 αὐτὸς
1388 2209 1522 2276 ήχος
1561 2209 1916 2278 ἐξηκούετο,ς

190 2290 283 2345 καὶ
319 2312 392 2360 ην
430 2290 492 2344 τὸ
531 2291 848 2360 λεγόμενον
854 2292 1165 2359 Θεάγενεςῑ
1213 2289 1242 2343 6
1268 2293 1329 2344 δὲ
1355 2291 1603 2360 Κνήμων
1629 2287 1876 2361 άναβοή-

189 2391 288 2440 σας
326 2368 369 2428 ὦ
407 2379 541 2429 θεοί
570 2378 701 2445 ἔφη,
744 2375 810 2428 οὐ
836 2379 1172 2445 Χαρικλείας
1213 2375 1365 2429 ἐστὶν
1401 2374 1433 2444 ἡ
1475 2373 1667 2443 φωνή;
1710 2377 1873 2442 σώζε-

191 2463 334 2514 σθαί
362 2480 457 2529 μοι
497 2461 668 2529 δοκεῖ,
699 2460 996 2528 Θεάγενες·
1039 2459 1148 2513 άπὸ
1187 2459 1291 2528 γὰρ
1325 2462 1437 2512 τῶν
1476 2460 1744 2528 ἐσχάτων,
1784 2459 1878 2512 καὶ

190 2543 326 2597 καθ’
369 2542 399 2596 ὃ
442 2545 607 2612 μέρος
656 2542 835 2613 αὐτὴν
881 2542 1006 2598 οἶδα
1055 2547 1156 2598 τοῦ
1203 2546 1414 2614 ἄντρου
1453 2543 1793 2612 καταλιπών,
1841 2541 1875 2613 ἡ

191 2629 359 2698 φωνή
395 2648 489 2697 μοι
526 2628 721 2696 βάλλει
755 2627 860 2697 τὴν
886 2628 1078 2697 άκοήν.
1133 2624 1199 2680 ού
1227 2629 1434 2698 παύσῃ,
1473 2630 1580 2696 ἔφη
1608 2624 1636 2680 6
1665 2629 1878 2696 Θεαγέ-
1906 2653 1916 2687 ε

191 2734 308 2782 νης,
353 2711 582 2766 ἀπατῶν
618 2733 685 2782 με
711 2713 1004 2777 πολλάκις,
1046 2713 1138 2765 καὶ
1164 2712 1276 2782 μὴν
1302 2713 1496 2765 ‹imm-cs
1522 2726 1585 2764 σε
1611 2710 1703 2763 καὶ
1729 2710 1876 2764 άπα-

191 2802 369 2866 τῶμαι
393 2796 455 2850 τὸ
482 2795 667 2867 μέρος,
709 2793 865 2850 εἶπεν
892 2795 917 2850 6
948 2798 1213 2866 Κνήμων,
1255 2799 1305 2850 εἰ
1330 2798 1669 2863 Χαρίκλειαν
1695 2788 1876 2848 οὖσαν
