1916 3132
689 179 815 224 CAP.
848 178 1232 223 XXIHI-XXVI
1740 179 1807 232 21

124 320 244 355 meo
292 301 600 372 magisterio
647 300 776 354 mali
823 301 1018 354 debent
1058 300 1345 354 coherceri'
1393 303 1446 354 et
1496 299 1718 369 profusa
1763 302 1820 353 in

125 376 360 430 medium
401 363 662 474 spz'ortula
679 375 830 428 iubet
869 375 1154 428 officialem
1194 394 1351 428 suum
1390 369 1821 444 insupefpisces

99 441 475 504 ’11150011(1010ζ
486 468 546 503 30
591 450 817 519 pedibus
864 451 976 502 suis
1031 453 1175 503 totos
1223 450 1478 503 obterere.
1549 468 1655 519 qua
1701 469 1820 503 con-

126 529 307 578 tentus
352 543 563 578 morum
604 524 994 578 seueritudine
1010 543 1161 577 meus
1201 524 1425 593 Pythias
1474 543 1534 577 ac
1580 524 1714 578 mihi
1761 529 1823 577 ut

79 619 100 652 5
123 600 369 654 hauerem
402 599 628 652 suadens
660 599 881 652 sufficit
911 599 1045 652 mihi
1080 599 1159 669 [o]
1192 598 1344 652 Luci'
1377 599 1554 668 inquit
1578 599 1823 652 seniculi

129 678 280 727 tanta
315 673 446 727 haec
482 673 841 727 contumelia.'

237 747 339 801 His
387 749 520 802 actis
568 751 940 802 consternatus
966 773 969 776 ·
992 766 1052 800 ac
1106 766 1326 817 prorsus
1381 748 1701 818 obstupidus
1757 749 1824 801 ad

127 823 345 877 balneas
383 842 468 876 me
515 823 687 876 refero
696 866 710 892 ‚
748 822 1028 892 prudentis
1076 822 1429 891 condiscipuli
1475 822 1655 876 ualido
1704 841 1823 876 con-

129 898 250 951 silio
290 900 344 950 et
381 898 617 951 nummis
664 897 825 950 simul
862 898 1109 966 priuatus
1149 900 1203 950 et
1242 916 1392 967 cena,
1429 896 1717 966 lautusque
1757 898 1824 950 ad

63 993 106 1025 ιο
127 972 424 1042 hospitium
462 971 682 1025 Milonis
722 991 783 1025 ac
823 971 1013 1025 dehinc
1053 971 1359 1025 cubiculum
1398 991 1483 1025 me
1523 976 1752 1042 reporto.

242 1047 314 1117 [p.
335 1047 418 1100 17.
434 1046 523 1116 Ε.]
591 1045 788 1100 XXVI.
836 1046 912 1099 Et
952 1065 1070 1100 ecce
1109 1045 1260 1113 Fotis
1302 1046 1496 1100 ancilla
1536 1047 1712 1117 rogat
1750 1047 1824 1100 te'

131 1121 308 1191 inquit
346 1121 596 1191 ‘hospes'
666 1125 722 1174 at
761 1138 859 1192 ego
899 1121 1006 1174 iam
1046 1110 1169 1174 inde
1207 1120 1426 1174 Milonis
1470 1121 1824 1175 abstinentiae

131 1196 379 1266 cognitor
418 1196 669 1249 excusaui
710 1196 948 1266 comiter,
995 1196 1139 1264 quod
1178 1195 1296 1248 uiae
1336 1196 1677 1250 uexationem
1716 1215 1825 1249 non

132 1270 251 1324 cibo
292 1271 384 1324 sed
422 1289 611 1324 somno
645 1289 914 1324 censerem
947 1270 1266 1323 diluendam.
1322 1270 1426 1323 isto
1460 1274 1677 1340 accepto
1709 1290 1823 1340 per—

65 1364 107 1398 15
133 1345 214 1415 git
252 1345 366 1414 ipse
407 1349 461 1398 et
499 1346 695 1398 iniecta
735 1345 954 1398 dextera
993 1344 1281 1397 clementer
1325 1363 1411 1398 me
1454 1344 1664 1398 trahere
1706 1345 1824 1398 ado·
1903 1355 1907 1359 ’

130 1420 284 1472 ritur.
325 1438 384 1472 ac
417 1420 542 1472 dum
576 1423 811 1488 cunctor,
844 1420 970 1472 dum
1002 1419 1240 1472 modeste
1271 1420 1475 1472 renitor
1505 1419 1631 1472 ‘non
1655 1420 1826 1489 prius'

132 1493 308 1563 inquit
358 1493 645 1547 ‘discedam
697 1512 856 1563 quam
906 1512 992 1546 me
1044 1494 1304 1563 sequaris'
1355 1497 1408 1547 et
1458 1494 1678 1547 dictum‘
1710 1495 1825 1547 iure

133 1568 356 1621 iurando
420 1572 634 1621 secutus
697 1568 802 1620 iam
867 1568 1218 1621 obstinationi
1280 1586 1405 1621 suae
1457 1587 1541 1621 me
1596 1569 1824 1639 ingratis

134 1642 503 1696 oboedientem
549 1641 794 1712 perducit
832 1642 899 1695 ad
945 1642 1098 1695 illum
1151 1661 1307 1710 suum
1362 1643 1725 1714 grabattulum
1772 1648 1826 1696 et

66 1736 110 1767 20
133 1716 389 1770 residenti
451 1717 631 1786 ‘quam
687 1717 833 1770 salue
887 1717 1019 1787 agit’
1073 1717 1253 1787 inquit
1305 1717 1552 1771 ‘Demeas
1606 1718 1824 1771 noster?

135 1791 262 1860 quid
293 1790 464 1844 uxor?
498 1792 628 1861 quid
657 1791 851 1844 liberi?
884 1791 1014 1860 quid
1044 1792 1376 1845 uernaculiP’
1407 1811 1565 1845 narro
1599 1793 1825 1862 singula.

132 1869 476 1934 percontatur
541 1866 839 1919 accuratius
902 1884 1088 1919 causas
1151 1867 1316 1919 etiam
1377 1867 1825 1937 peregrinationis

131 1958 293 1993 meae.
350 1958 481 2010 quas
514 1940 608 1993 ubi
639 1940 805 2010 probe
844 1941 1063 2010 protuli,
1103 1941 1209 1994 iam
1249 1945 1303 1994 et
1343 1941 1406 1994 de
1437 1941 1621 2010 patria'
1642 1945 1826 1994 nostra

133 2018 188 2067 et
226 2015 340 2067 eius
378 2015 705 2083 primoribus
754 2033 813 2067 ac
854 2015 1080 2085 denique
1130 2016 1192 2068 de
1233 2016 1349 2085 ipso
1401 2015 1643 2086 praeside
1683 2035 1825 2069 scru-

66 2106 108 2139 25
132 2088 472 2158 pulosissime
512 2089 820 2159 exploranS‚
858 2089 952 2142 ubi
990 2109 1076 2143 me
1115 2093 1240 2159 post
1278 2090 1487 2143 itineris
1527 2093 1637 2143 tam
1678 2091 1826 2144 saeui

133 2163 472 2216 uexationem
522 2163 689 2217 sensit
734 2163 1038 2216 fabularum
1094 2168 1305 2234 quoque
1357 2165 1491 2218 serie
1538 2165 1824 2235 fatigatum

133 2237 188 2290 in
227 2238 391 2290 uerba
435 2237 612 2290 media
657 2237 1053 2291 somnolentum
1093 2239 1332 2293 desinere
1380 2239 1487 2310 [ac]
1535 2258 1632 2292 nec
1682 2240 1824 2309 quic-

135 2330 294 2380 quam
342 2311 606 2365 defectum
653 2313 759 2365 13111
806 2313 981 2383 (nisi)
1029 2314 1232 2366 incerta
1284 2315 1570 2367 uerborum
1619 2314 1827 2367 salebra

0 2451 2 2454 y
133 2385 415 2456 balbutire,
453 2386 668 2440 tandem
708 2387 911 2455 patitur
958 2388 1198 2441 cubitum
1245 2389 1600 2442 concederem.
1679 2388 1825 2441 euasi

0 2469 2 2482 ¹
68 2478 112 2511 30
137 2459 420 2528 aliquando
458 2461 661 2513 rancidi
694 2461 836 2514 senis
866 2461 1066 2531 loquax
1098 2466 1151 2515 et
1177 2462 1482 2516 fam‘elicum
1517 2463 1823 2516 conuiuium

265 2639 287 2677 1
329 2634 443 2680 mali
483 2635 657 2680 debent
695 2636 931 2681 coherceri
970 2637 1004 2680 F
1045 2641 1082 2694 (t
1121 2640 1334 2684 uocabuli
1381 2639 1555 2683 debent
1591 2637 1726 2681 ualde
1764 2637 1824 2680 si—

136 2695 259 2738 milis
299 2699 364 2739 est
409 2696 582 2740 litterae
613 2696 659 2752 o)
696 2695 846 2740 malos
887 2697 1035 2741 debeo
1076 2697 1320 2743 cohercere
1353 2715 1388 2755 φ
1539 2701 1564 2740 5
1604 2696 1826 2739 hauerem

136 2755 302 2810 scripsi
340 2752 519 2798 abirem
547 2756 687 2813 uulgo
724 2754 940 2800 habitem
971 2756 1006 2799 F
1061 2756 1266 2802 *abirem
1297 2775 1332 2815 φ
1387 2760 1462 2801 sat
1493 2755 1716 2800 haberem
1746 2755 1823 2798 ΒΖ.

138 2827 164 2857 o
204 2814 309 2858 add.
343 2811 403 2855 F*
494 2818 546 2856 11
579 2813 743 2858 Photis
776 2814 881 2871 F²q>
1016 2820 1070 2859 16
1093 2816 1180 2873 pos
1205 2817 1241 2860 F
1335 2821 1390 2861 18
1423 2813 1733 2860 obstinationi
1764 2813 1824 2857 F¹

137 2871 472 2917 obstinationis
503 2871 607 2929 F²q>
616 2872 672 2957 V.
721 2873 824 2919 Urb.
845 2831 924 2917 Eg
944 2875 1001 2928 cf.
1035 2875 1186 2932 Luetj.
1220 2881 1307 2920 447
1460 2873 1758 2918 obedientem
1788 2873 1824 2916 F

140 2935 194 2975 19
226 2930 613 2988 grauattulumm
728 2937 782 2976 27
817 2933 912 2991 [ac]
944 2935 1106 2979 seclusi
1134 2935 1421 2991 nequiquam
1445 2951 1480 2990 φ
1574 2937 1628 2977 28
1663 2932 1825 2992 (nisi)

136 2992 311 3036 inserui
424 2994 480 3034 30
512 2989 706 3046 aliquan
735 2991 840 3047 sz
780 2991 794 3016 ¹
1483 3026 1516 3052 ·
