1916 3132
0 0 444 67 mn‘sswt*‘'⁴‘(ss7⁴gzs’¹¹’“'¹
489 0 586 48 ‘³3
601 0 851 45 „Arre-hm«
887 0 960 23 (sm
980 0 1044 23 du
1290 0 1309 28 l
1337 0 1357 24 l
1381 0 1385 2 ’
1421 0 1436 19 1
1479 0 1485 2 ’
1555 2 1569 30 Ι
1597 0 1916 50 V''‘'('†⁷s⁰“'*

197 230 353 265 νεται
389 212 611 282 θεωρὸς
658 215 751 267 καὶ
798 216 1030 268 πάντων
1080 217 1449 287 ἐπακροᾶται,
1497 219 1738 287 γύναιον
1785 218 1884 275 ὑπ’

196 297 401 364 ἔρωτος
442 298 844 367 σεσοβημένου,
894 299 989 352 καὶ
1033 304 1224 388 πᾶσαν
1270 322 1344 365 ως
1384 305 1561 356 εἰπεῖν
1600 301 1900 374 ε’ρωμένοῦ

191 379 344 443 τινὸς
383 382 476 435 ἐπὶ
511 386 622 485 γῆν
636 381 854 436 Ἕνεκεν
892 362 1230 455 ἀλώμενον,
1254 379 1299 456 ᾦ
1324 406 1470 455 μετα
1507 391 1747 455 μυρίους
1781 390 1888 458 μὲν

193 464 444 533 μόχθους
465 468 704 535 μυρίους
728 468 790 519 δὲ
825 469 1146 536 κινδύνους,
1182 474 1284 539 γῆς
1318 470 1409 524 ἐπ’
1431 471 1681 539 ἐσχάτοις
1715 471 1886 541 ὅροις,

191 549 336 619 τύχῃ
375 550 485 603 σὺν
522 554 750 622 λαμπρᾷ
787 555 880 605 καὶ
916 555 1182 623 βασιλικῇ
1222 556 1615 623 συμβιώσεται.

296 635 514 687 τούτων
570 637 879 705 εἰρημένων
935 636 967 690 ὃ
1019 638 1125 705 μὲν
1181 641 1357 692 ἔκειτο
1408 643 1800 709 καταρραγείς,
1849 638 1883 710 ἡ

191 722 370 787 γραῦς
404 720 466 773 δὲ
502 730 738 773 συνεῖσα
772 719 904 783 τούς
930 723 1123 785 ξένους
1148 718 1292 776 εἶναι
1318 722 1448 787 τούς
1474 726 1883 793 κατασκόπους,

190 796 758 878 Qfixwffifflwss
786 802 1022 876 ξιφήρης
1057 826 1116 859 τε
1153 805 1247 860 καὶ
1275 806 1523 878 ἐμμανὴς
1559 807 1647 862 ἐπ’
1677 807 1884 872 αὐτοὺς

189 888 360 956 ἵεται,
398 890 491 942 καὶ
526 887 666 942 κατὰ
694 893 807 943 πᾶν
843 892 1008 959 μέρος
1032 894 1145 943 τών
1172 892 1444 959 κειμένων
1473 894 1724 962 ἐφέρετο,
1764 903 1881 957 τοῖς

188 981 411 1038 νεκροῖς
438 974 824 1044 ἐγκεκρύφθαι
861 972 1067 1038 αὐτούς
1101 972 1516 1043 ὑποπτεύουσα,
1551 977 1783 1046 γνώμην
1818 977 1914 1036 δὲι

187 1059 495 1126 ποιουμένη
522 1059 952 1128 διαχρήσασθαι,
993 1061 1044 1111 εἰ
1076 1057 1330 1128 ανεύροι,
1364 1056 1437 1123 ὦς
1475 1060 1786 1129 ἐπιβούλως
1821 1081 1882 1114 τε

188 1139 359 1193 καὶπ
316 1139 458 1219 πρρς
497 1140 802 1196 εναντιοτΓ
797 1152 912 1206 τοις
948 1142 1120 1245 αὐτῆς
1153 1145 1576 1212 μαγγανεύμασι
1569 1145 1880 1245 μτασκο-

187 1243 330 1287 πους
363 1229 797 1295 γεγενημένους,
834 1247 957 1290 εως
959 1222 1413 1307 απερίσκεπτον
1410 1228 1521 1282 ὑπὸ
1547 1232 1739 1299 θυμοῦ
1777 1230 1880 1298 τήν

187 1309 327 1362 κατὰ
341 1309 484 1406 τοὺς
509 1310 747 1379 νεκροὺς
782 1315 1024 1378 ἔρευναν
1060 1315 1418 1412 ποιουμένη,,>
1406 1316 1635 1366 ἐλαθευ
1673 1314 1876 1382 ω’ρθω-

186 1395 335 1464 μένῳ
341 1377 681 1464 ζ’(κλοὶσματι
680 1389 942 1487 δόρατος
990 1417 1131 1450 κατα
1169 1401 1270 1450 τοῦ
1306 1382 1600 1466 βουβωνος
1636 1388 1916 1473 περίιταῆ

291 1562 384 1615 καὶ
415 1562 453 1630 ἡ
487 1566 591 1633 μὲν
626 1568 823 1632 ἔκειτο,
863 1563 966 1633 τὴν
994 1564 1056 1617 ἐκ
1082 1568 1184 1618 τοῦ
1211 1565 1408 1629 παιδὸς
1433 1569 1702 1634 μαντείαν
1730 1565 1875 1620 οὕτω

112 1661 159 1709 Ζ
184 1648 337 1717 παρα
362 1650 540 1711 πόδας
568 1650 631 1702 ἐν
658 1650 787 1719 δίκῃ
814 1647 1184 1717 πληρώσασα·
1227 1647 1256 1702 6
1293 1651 1355 1704 δὲ
1381 1650 1690 1721 Κήαλοξσιρις
1725 1651 1816 1703 καὶ
1842 1646 1877 1718 ἡ

183 1734 491 1801 Χαρίκλεια
518 1730 669 1801 παρὰ
693 1737 965 1785 τοσοῦτον
1006 1732 1271 1795 ἐλθόντες
1305 1735 1598 1803 κινδύνου,
1637 1734 1730 1787 καὶ
1765 1733 1884 1804 ἅμα·

184 1816 288 1886 μὲν
325 1819 439 1869 τῶν
475 1817 773 1885 παρόντων
812 1818 1011 1884 φόβων
1051 1816 1208 1878 ε’κτὸς
1245 1817 1478 1880 ἑαυτούς
1525 1819 1872 1887 ποιούμενοι,
1890 1841 1916 1873 2⁴

184 1899 297 1969 ἅμα
335 1901 396 1953 δὲ
433 1904 548 1954 τών
584 1901 1020 1968 μαντευθέυτων
1056 1901 1249 1953 ἕνεκεν
1287 1903 1740 1970 ἐπισπεύδοντες,
1778 1905 1876 1970 τῆς

188 1986 280 2039 ἐπὶ
316 1984 420 2053 τὴν
451 1986 683 2054 Μέμφιν
722 1983 859 2037 ὁδοῦ
897 1986 1341 2053 σπουδαιότερον
1380 1990 1615 2054 εἴχοντο.
1673 1985 1766 2038 καὶ
1802 1982 1869 2052 δὴ

184 2071 280 2122 καὶ
308 2072 642 2137 ἐπλησίαζον
669 2071 737 2138 τῇ
763 2063 931 2121 πόλει
949 2071 1063 2122 τῶν
1091 2070 1154 2122 ἐκ
1179 2073 1275 2138 τῆς
1299 2073 1526 2132 νεκυίας
1559 2087 1872 2138 μεμαντευ-

186 2154 374 2222 μένων
408 2152 517 2223 ἤδη
554 2152 674 2207 κατ’
704 2152 882 2223 αὐτὴν
919 2154 1287 2221 τελουμένων.
1351 2150 1424 2215 ὥς
1457 2154 1562 2221 γὰρ
1602 2152 1631 2205 6
1659 2152 1873 2222 Θύαμις

183 2239 248 2292 τὸ
275 2235 385 2291 ἀπὸ
413 2241 510 2305 τῆς
535 2238 757 2307 Βησσης
783 2238 1084 2307 λῃστρικὸν
1112 2236 1338 2305 ε’ποὶγων
1365 2236 1648 2306 ἐφίστατο,
1687 2238 1745 2290 οἱ
1763 2229 1870 2305 μὲν
1887 2258 1916 2290 21

187 2343 326 2376 κατα
362 2319 466 2389 τὴν
490 2323 726 2391 Μέμφιν
755 2322 948 2390 ὀλίγον
974 2321 1109 2376 ὅσον
1135 2325 1396 2391 ἔφθησαν
1421 2342 1516 2384 τας
1541 2321 1720 2383 πύλας
1747 2322 1872 2375 ἐπι-

188 2405 561 2475 κλεισαμενοι,
605 2407 947 2474 στρατιώτου
973 2408 1125 2469 τινὸς
1150 2426 1262 2459 των
1285 2404 1396 2459 ὑπὸ
1423 2399 1873 2485 Μιτρανηνῷια-

185 2491 444 2557 δράυτωυ
467 2510 568 2559 την
588 2511 727 2542 κατα
752 2489 854 2559 τὴν
865 2495 1099 2559 Βῆσσαν
1125 2483 1316 2592 μαχη)
1270 2492 1660 2556 υπροιδόντος
1684 2509 1743 2542 τε
1767 2508 1877 2557 την

188 2578 398 2643 ἔφοδον
425 2575 518 2627 καὶ
543 2583 656 2635 τοις
683 2575 745 2627 έν
769 2595 844 2627 τω
871 2574 1027 2627 ἄστει
1052 2577 1534 2643 προμηνύσαυτος,
1565 2573 1594 2627 6
1623 2574 1684 2627 δὲ
1712 2573 1872 2626 Θύα-

185 2679 277 2727 μις
313 2662 450 2727 περί
479 2678 531 2711 τι
568 2659 733 2728 μέρος
769 2664 868 2711 τοῦ
901 2680 1118 2727 τειχους
1142 2679 1208 2712 τα
1235 2657 1379 2711 ὅπλα
1403 2657 1751 2711 καταθέσθαι
1775 2673 1916 2710 nce-3«

188 2729 741 2808 λεύσαςὶδιανέπαυέ
775 2762 832 2795 τε
870 2742 980 2811 ἅμα
1020 2745 1081 2797 ἐκ
1119 2745 1400 2796 συντόνου
1427 2746 1523 2810 τῆς
1549 2740 1871 2809 ὁδοιπορίας

185 2828 286 2882 τὸν
312 2809 571 2897 στρατόν,
607 2827 700 2879 καὶ
730 2848 803 2890 ως
829 2827 1223 2925 πολιορκήσων
1249 2827 1428 2895 δῆθεν
1456 2828 1695 2880 εποιεῖτο
1719 2826 1872 2893 γνώ-
