1916 3132
46 1072 113 1126 19

78 2564 104 2591 ll

134 93 161 143 1
171 92 235 144 18
795 97 1168 144 TETAPTON

131 230 236 301 μή,
275 232 556 300 μηδαμῶς.
622 233 760 299 ἐμοῦ
787 233 849 285 δὲ
877 228 943 285 τα
970 234 1235 302 εἰρημένα
1260 235 1690 304 θαυμάσαντος,
1729 237 1822 290 καὶ

130 314 276 368 οὕτω
297 316 559 383 ποιητέον
581 313 725 369 εἶναι
745 318 967 378 πάντως
989 317 1380 384 ἐπικρίναντος
1394 360 1407 385 ,
1437 318 1539 387 τήν
1558 338 1616 372 τε
1635 319 1824 374 ἑστίαν

131 399 376 470 ἐσχάραν
415 402 493 462 εἰς
527 398 720 468 βωμὸν
756 398 1079 464 άνάψαντος
1115 401 1209 454 καὶ
1246 403 1560 470 λιβανωτὸν
1599 401 1823 457 ἀποθύ-

130 497 359 551 σαντος,
390 485 689 552 ἐπώμνυεν
717 482 746 537 6
775 487 1079 554 Θεαγένης,
1109 484 1429 539 ἀδικεῖσθαι
1454 482 1558 554 μὲν
1585 488 1823 556 φάσκων

129 567 493 637 εί-,προλήψει
520 568 620 621 τοῦ
646 567 908 637 ὅρκουκτὸ
936 567 1135 622 πιστὸν
1173 574 1274 622 τοῦ
1312 553 1816 639 τρόπουΐπροῦπο-
1851 593 1872 625 ⁵

127 652 405 720 τέμνεται·
443 651 511 706 οὐ
536 651 642 721 γὰρ
672 652 971 717 ἐπιδείξειν
999 656 1144 722 ἔχειν
1172 656 1502 723 προαίρεσιν
1527 654 1689 728 φόβῳ
1721 659 1822 710 τοῦ

127 740 446 806 κρείττονος
484 739 947 806 κατηναγκάσθαι
986 737 1378 813 νομιζομένην,
1457 738 1857 824 ἐπωμνυεχῒχ

128 819 274 889 ὅμως
303 819 551 874 Ἀπόλλω
581 841 639 875 τε
674 821 903 875 Πύθιον
941 825 1033 875 καὶ
1061 821 1322 892 ’Ἄρτεμιν
1360 825 1452 876 καὶ
1484 823 1823 897 Ἀφροδίτην

127 905 309 976 αὐτὴν
346 905 440 959 καὶ
462 906 738 974 ”Ερωτας,
787 898 822 975 ἦ
859 905 969 975 μὴν
1006 905 1227 959 ἅπαντα
1266 905 1412 959 οὕτω
1452 909 1708 978 ποιήσειν
1747 909 1823 974 (ὃς

129 990 418 1060 ἐβουλήθη
455 993 760 1060 Χαρίκλεια
798 992 891 1042 καὶ
930 991 1227 1058 ἐπέσκηψε.
1853 1011 1893 1046 10

237 1076 328 1128 καὶ
368 1078 427 1128 οἳ
458 1076 561 1144 μὲν
599 1078 772 1128 ταῦτα
810 1076 903 1128 καὶ
940 1074 1083 1143 ἕτερ’
1121 1071 1255 1127 ἄττα
1294 1073 1433 1144 πρὸς
1470 1079 1688 1141 τούτοις
1727 1078 1819 1134 ἐπὶ

122 1156 365 1227 μάρτυσι
390 1169 505 1221 τοῖς
529 1165 685 1222 θεοῖς
712 1157 1039 1228 ὡμολόγουν
1065 1156 1355 1228 ἀλλήλοις,
1385 1159 1490 1228 ἐγώ
1519 1163 1580 1215 δὲ
1607 1161 1682 1225 ὠς
1708 1165 1812 1218 τὸν

122 1245 405 1312 Χαρικλέα
433 1245 696 1312 δρομαῖος
729 1242 884 1311 ἥκων
919 1243 1181 1311 θορύβου
1217 1262 1275 1296 τε
1311 1246 1498 1314 πλήρη
1527 1248 1618 1299 καὶ
1647 1245 1818 1318 ὀδυρ-
1875 1271 1879 1275 ·

121 1331 233 1396 μοῦ
261 1331 674 1396 καταλαμβάνω
703 1327 807 1396 τήν
834 1329 1037 1396 οἰκίαν,
1085 1328 1317 1380 οἰκετῶν
1344 1327 1450 1398 Υἤδη
1478 1329 1612 1397 παρ’
1643 1330 1820 1385 αὐτὸν

122 1410 450 1481 ἀφιγμένων
476 1411 569 1465 καὶ
601 1412 707 1481 τὴν
733 1416 827 1482 τῆς
864 1410 1033 1480 κόρης
1060 1407 1319 1481 ἁρπαγὴν
1347 1413 1812 1484 ἐξαγγειλάντων,
1847 1431 1889 1474 15,

123 1497 218 1549 καὶ
257 1500 503 1550 πολιτῶν
543 1498 620 1559 εἰς
655 1500 872 1565 πλῆθος
907 1495 1268 1564 συρρεόντων
1293 1496 1385 1550 καὶ
1411 1495 1512 1550 τὸν
1540 1501 1822 1569 Χαρικλέα

122 1585 454 1650 θρηνοῦντα
493 1580 1073 1650 περιεστοιχισμένων,
1110 1578 1308 1651 ἀγνοίᾳ
1343 1600 1402 1633 τε
1433 1585 1548 1635 τῶν
1585 1584 1818 1652 γεγονό-

123 1684 237 1718 των
263 1667 354 1717 καὶ
382 1663 658 1734 ἀμηχανία
684 1669 798 1716 τῶν
824 1665 1115 1732 πρακτέων
1143 1667 1552 1733 συνεχομένων.
1607 1668 1816 1736 ἐμβοή-

125 1763 226 1812 σας
252 1742 357 1802 οὖν
383 1742 429 1800 οἷ
455 1749 828 1817 δυσδαίμονες
854 1750 1027 1816 ἔφην,
1064 1747 1221 1816 ὑμεῖς
1257 1750 1317 1801 δὲ
1357 1734 1822 1819 ἐνεοῖςζπροσεοι-

123 1834 288 1896 κότες*
329 1831 456 1901 ἄχρι
502 1816 654 1895 τίνος
705 1830 946 1885 ἄναυδοι
996 1830 1088 1884 καὶ
1135 1831 1410 1900 ἄπρακτοι
1457 1836 1815 1904 καθεδεῖσθε,
1847 1851 1889 1884 20

125 1916 315 1987 ὥσπερ
336 1916 449 1986 ἅμα
476 1920 553 1986 τῷ
576 1918 878 1984 δυστυχεῖν
908 1914 1000 1968 καὶ
1031 1913 1091 1967 τὸ
1114 1926 1351 1983 φρονεῖν
1385 1915 1825 1988 προσαφῃρημέέ

123 2022 242 2065 νοις
277 1999 381 2055 οὐκ
420 2001 483 2053 ἐν
511 1999 702 2063 ὅπλοις
736 1998 843 2069 ἤδη
870 2001 962 2053 καὶ
993 1999 1311 2063 ἐπιδιωξετε
1337 1999 1467 2063 τοὺς
1492 2005 1821 2071 πολεμίους;

124 2086 194 2139 ού
232 2085 625 2153 καταλήψεσθε
673 2084 767 2137 καὶ
814 2085 1204 2152 τιμωρήσεσθε
1248 2082 1379 2148 τοὺς
1435 2085 1821 2156 ἐξυβρικότας;

123 2169 216 2223 καὶ
243 2167 272 2221 6
299 2172 608 2237 Χαρικλῆς,
650 2167 910 2234 περιττὸν
949 2169 1052 2237 μὲν
1093 2172 1232 2231 ἴσως
1270 2169 1642 2238 διαμάχεσθαι
1681 2170 1820 2240 πρὸς

122 2253 191 2306 τὰ
219 2253 493 2322 παρόντα·
538 2254 770 2321 συνίημι
804 2249 911 2321 γὰρ
950 2250 1026 2315 ὠς
1063 2252 1125 2305 ἐκ
1151 2256 1306 2305 θεῶν
1330 2253 1564 2322 μήνιδος
1589 2255 1820 2323 ταυτηνὶ
1851 2269 1895 2302 25

123 2340 259 2391 τίνω
286 2334 389 2405 τὴν
416 2338 598 2405 δίκην,
627 2333 699 2405 ἣν
724 2335 775 2399 ἐξ
805 2329 982 2404 οὗπερ
1015 2337 1088 2397 εἰς
1117 2333 1179 2388 τὸ
1206 2333 1421 2389 ἄδυτον
1447 2336 1590 2406 άωρὶ
1616 2341 1824 2407 παρελ-

123 2419 250 2475 θών
276 2418 429 2474 εἶδον
457 2415 772 2488 ὀφθαλμοῖς
798 2418 834 2472 ὁὶ
857 2418 928 2488 μὴ
959 2421 1122 2488 θέμις
1121 2415 1219 2517 .ᾐὸ
1246 2420 1379 2482 θεός
1416 2441 1510 2488 μοι
1537 2430 1824 2489 προεῖπεν,

125 2503 257 2558 ἀνθ’
275 2497 357 2558 ὦν
379 2504 448 2557 οὐ
469 2503 863 2573 προσηκόντως
882 2501 1052 2570 εἶδον,
1075 2523 1172 2571 της
1191 2506 1303 2556 τῶν
1326 2507 1616 2571 φιλτατων
1637 2502 1818 2568 ὄψεως

128 2586 537 2659 στερήσεσθαι.“Ι
571 2586 717 2657 ὅμως
752 2588 812 2640 δὲ
857 2586 1026 2640 οὐδὲν
1053 2588 1258 2641 κωλύει
1284 2586 1377 2640 καὶ
1404 2586 1541 2657 πρὸς
1567 2590 1826 2658 δαίμονα,

129 2676 299 2743 φασί,
335 2673 641 2743 μάχεσθαι,
684 2673 733 2724 εί
757 2673 848 2724 καὶ
875 2675 1030 2734 τίνας
1054 2671 1156 2741 χρὴ
1186 2674 1478 2740 μεταθέειν
1504 2668 1539 2739 ἦ
1565 2674 1646 2734 τίς
1672 2669 1701 2725 6
1725 2670 1826 2726 τὸν
1854 2686 1916 2742 30γέ

138 2756 324 2827 βαρὺν
362 2760 565 2810 τοῦτον
613 2754 932 2823 ἐπενεγκών
980 2757 1253 2808 κίνδυνον
1293 2754 1722 2834 ἐγιγνώσκομεν.
1798 2753 1828 2809 6
1903 2767 1916 2814 j

141 2841 446 2910 Θετταλός,
486 2842 655 2909 ἔφην,
707 2835 799 2892 καὶ
838 2837 987 2908 παρά
1030 2838 1118 2891 σοὶ
1155 2830 1506 2908 θαυμαστός,
1556 2837 1623 2892 ὃν
1661 2838 1827 2909 κάμοὶ
1898 2825 1916 2902 Ξ
