1916 3132
159 60 228 111 48
813 63 859 108 Δ
864 63 908 108 Ε
915 62 1195 110 YTEPON

161 199 616 267 σοφιστεύουσαν
643 197 735 251 διὰ
761 202 862 251 τοῦ
888 197 1209 267 γράμματος
1245 195 1278 266 ἡ
1315 200 1444 267 δίκη
1478 201 1853 268 προαφείλετο

156 286 272 336 τῶν
312 283 755 352 ἐγχειρημάτων;
807 281 883 344 ως
918 281 1072 350 κοῗγώ
1109 297 1173 335 σε
1209 281 1301 335 καὶ
1337 284 1600 353 κειμένην
1635 285 1740 352 ἔχω
1776 281 1851 337 δι’

155 366 420 436 ὑποψίας,
460 367 555 420 καὶ
593 368 816 436 σφόδρα
856 368 1084 420 δέδοικα
1121 366 1193 435 μή
1234 369 1327 420 καὶ
1365 367 1589 436 πλάσμα
1628 367 1782 421 ἐστὶν
1817 364 1851 436 ἦ

162 452 504 521 Δημαινέτης
540 451 799 521 τελευτή,
850 449 988 519 κάμὲ
1037 455 1141 519 μὲν
1179 450 1473 520 ἠπάτησαν
1511 453 1569 504 οἱ
1603 453 1855 521 ἐξαγγεί-

158 540 384 605 λαντες,
426 535 497 589 σὺ
534 537 595 589 δὲ
631 538 724 588 καὶ
760 536 1082 598 διαπόντιος
1117 534 1270 605 ἥκεις
1307 534 1501 602 ἑτέραν
1527 535 1667 589 καθ’
1690 534 1853 605 ἡμῶν
1883 563 1904 595 5

157 621 375 690 σκηνὴν
417 619 671 689 Ἀττικὴν
710 622 800 673 καὶ
843 622 906 673 ἐν
945 620 1212 691 Αἰγύπτῳ
1251 621 1708 691 τραγῳδήσουσα.
1784 619 1853 674 οὐ

158 706 376 775 παύσῃ,
408 708 514 775 ἔφη
543 705 571 758 6
600 707 895 774 Θεαγένης,
926 704 1072 773 ἄγαν
1098 703 1522 772 άνδριζόμενοςζ
1560 703 1764 758 εἴδωλά
1793 723 1853 758 τε

158 791 250 843 καὶ
290 791 452 852 σκιὰς
490 788 929 857 εὐλαβούμενοςς
979 787 1048 842 οὐ
1086 787 1193 856 γὰρ
1232 787 1298 856 δή
1342 787 1481 856 κάμέ
1515 809 1577 856 γε
1617 790 1709 841 καὶ
1747 791 1853 858 τὴν

162 873 301 943 ἐμήν
329 873 463 939 ὄψιν
492 880 667 937 εἴποις
693 872 765 927 ἂν
791 872 865 934 ὣς
894 873 1246 943 ἐγοήτευσεν,
1276 870 1445 924 οὐδὲν
1465 876 1853 926 κοινωνοῦντα

157 961 260 1011 τοῦ
295 960 588 1027 δράματος.
642 957 765 1011 ἀλλ’
792 958 830 1028 ἣ
864 959 967 1026 μὲν
995 967 1170 1010 κεῖται
1197 962 1355 1025 σῶμα
1383 955 1587 1024 νεκρὸν
1614 954 1687 1020 ὥς
1711 955 1848 1026 άλη-
1883 985 1916 1018 10

156 1046 303 1108 θῶς,
333 1041 427 1095 καὶ
453 1044 657 1096 τούτου
683 1064 746 1111 γε
774 1043 937 1096 ἕνεκα
963 1043 1166 1110 θάρσει
1192 1044 1471 1103 παντοίως
1496 1034 1542 1094 οἷ
1571 1044 1821 1110 Κνήμων
1838 1059 1850 1071 ·

157 1131 238 1190 τίς
278 1128 339 1181 δὲ
380 1126 486 1194 ἄρα
525 1129 660 1180 ποτέ
697 1129 849 1181 ἐστιν
888 1124 917 1180 6
956 1125 1053 1189 σός
1092 1123 1384 1194 εὐεργέτης
1419 1122 1447 1178 6
1472 1125 1683 1194 ταύτην
1708 1124 1851 1196 ἀνῃ-

160 1212 360 1281 ρηκώς,
400 1208 436 1279 ἦ
475 1215 591 1273 πῶς
629 1213 800 1278 δεῦρο
837 1212 1180 1279 καθειμένην
1218 1209 1252 1278 ἢ
1289 1210 1440 1279 πότε,
1479 1211 1701 1279 σφόδρα
1726 1211 1852 1264 δια-

158 1300 353 1364 πορεόν
380 1296 780 1364 ἐκπέπληγμαι.
845 1294 912 1348 τά
938 1296 1042 1364 μὲν
1070 1293 1209 1348 ἄλλα
1236 1292 1340 1347 οὐκ
1368 1297 1471 1362 ἔχω
1499 1295 1702 1364 λέγειν,
1741 1297 1849 1362 ἔφη

158 1379 186 1434 ὁ
214 1382 481 1450 Κνήμων,
523 1378 551 1433 ὁ
578 1382 638 1433 δὲ
674 1379 972 1450 ἀνῃρηκώς
1010 1380 1216 1432 ἐπίπαν
1254 1378 1370 1433 ἐστὶ
1400 1379 1640 1448 Θύαμις,
1682 1381 1734 1432 εἰ
1766 1380 1856 1431 δεῖ
1881 1407 1916 1439 15

156 1469 234 1535 τῷ
260 1467 407 1534 ξίφει
432 1469 854 1533 τεκμαίρεσθαι,
885 1464 915 1516 ὃ
942 1463 1091 1532 παρὰ
1118 1463 1221 1531 τὴν
1249 1463 1474 1532 σφαγὴν
1501 1461 1845 1531 εὑρήκαμεν·

159 1551 383 1603 ἐκείνου
420 1548 529 1617 γάρ
571 1547 714 1603 εἶναι
751 1551 1023 1617 γνωρίζω,
1064 1548 1156 1600 καὶ
1182 1549 1244 1600 τὸ
1274 1550 1549 1617 ἐπίσημον
1574 1549 1730 1600 τουτὶ
1754 1551 1851 1617 τῆς

157 1636 331 1703 λαβῆς
365 1633 566 1702 ἐλέφας
602 1636 678 1696 εἰς
715 1632 877 1686 ἀετὸν
915 1632 1353 1699 ἐκτετόρνευται.
1413 1625 1634 1700 ἇρόὗν
1674 1637 1850 1696 εἴποις

158 1717 251 1786 ἄν,
281 1719 456 1787 φησὶν
483 1716 512 1770 6
535 1720 834 1786 Θεαγένης,
863 1715 956 1768 καὶ
983 1716 1132 1777 ὅπως
1158 1717 1251 1767 καὶ
1276 1716 1410 1768 πότε
1435 1717 1528 1769 καὶ
1555 1714 1630 1769 δι’
1659 1715 1732 1786 ἣν
1762 1717 1850 1769 αἰ-

155 1806 283 1855 τίαν
322 1803 458 1867 ἔὸρα
490 1801 590 1855 τὸν
629 1802 835 1870 φόνον;
877 1802 969 1853 καὶ
996 1803 1112 1862 πῶς
1137 1804 1310 1852 ταῦτα
1337 1800 1409 1853 ἄν
1437 1802 1669 1869 &effebum
1711 1799 1847 1854 άπε-
1876 1828 1916 1859 20

158 1891 414 1956 κρίνατο·
446 1885 514 1939 οὐ
539 1892 646 1954 γαρ
674 1885 740 1954 δὴ
770 1885 1042 1954 μαντικόν
1067 1903 1136 1952 με
1162 1885 1290 1937 τόδε
1317 1883 1380 1937 τὸ
1411 1885 1688 1954 σπήλαιον
1715 1883 1847 1937 ἀνέ-

158 1971 320 2040 δειξε,
361 1971 620 2039 καθάπερ
660 1969 721 2023 τὸ
761 1969 971 2023 ἄδυτον
1007 1967 1069 2022 τὸ
1110 1973 1328 2036 Πυθοῖ,
1369 1970 1462 2020 καὶ
1502 1970 1560 2022 ἐν
1609 1974 1847 2037 Τροφω-

157 2055 497 2123 νίου’λόγος
544 2061 866 2125 θεοφωνεῖν
912 2052 1045 2116 τοὺς
1094 2043 1509 2116 ὑπελθόντας.
1539 2050 1848 2123 ἀνῴμωξαν

155 2138 373 2206 ἀθρόον
400 2137 428 2191 6
457 2141 734 2207 Θεαγένης
770 2140 862 2192 καὶ
897 2138 929 2208 ἡ
958 2141 1280 2205 Χαρίκλεια,
1322 2129 1498 2212 nais-‚63
1526 2142 1725 2190 Πυθοῖ
1754 2137 1848 2189 καὶ

156 2227 376 2292 Δελφοί
394 2215 752 2291 ’θρηνοῦντες
780 2222 979 2291 ἐβόων.
1039 2220 1068 2275 6
1102 2223 1162 2274 δὲ
1190 2222 1437 2292 Κνήμων
1477 2223 1841 2291 ἐκπέπληκτο,
1872 2248 1914 2280 25

157 2307 250 2360 καὶ
289 2306 321 2360 ὅ
355 2328 407 2360 τι
445 2308 786 2361 πεπόνθοιεν
824 2305 964 2376 πρὸς
1000 2307 1063 2361 τὸ
1103 2306 1282 2377 ὄνομα
1319 2310 1415 2375 τῆς
1452 2308 1692 2370 Πυθοῦς
1739 2304 1847 2360 οὐκ

160 2389 270 2461 εἶχε
308 2393 670 2460 συμβάλλειν.

77 2483 143 2535 12
270 2478 364 2528 καὶ
402 2479 457 2528 οἳ
489 2477 592 2544 μὲν
625 2478 687 2530 ἐν
724 2479 943 2540 τούτοις
980 2471 1144 2546 ἦσαν,
1185 2474 1214 2528 6
1249 2476 1309 2529 δὲ
1339 2477 1656 2548 Θέρμουθις
1683 2472 1712 2539 6
1744 2478 1847 2528 τοῦ

164 2561 442 2628 Θυάμιδος
467 2557 842 2630 ὑπασπιστής,
884 2557 1073 2629 ἐπειδὴ
1113 2559 1252 2613 κατὰ
1278 2558 1380 2627 τήν
1404 2559 1584 2627 μάχην
1610 2559 1848 2626 τρωθεὶς

160 2644 469 2713 ἀπενήξατο
509 2647 649 2711 πρὸς
686 2643 788 2713 τὴν
824 2649 949 2713 γῆν,
990 2643 1193 2707 νυκτὸς
1233 2643 1626 2711 ἐπιγενομένης
1661 2648 1846 2710 πορθ-
1875 2666 1916 2699 30

161 2735 296 2800 μείςο
335 2730 627 2800 φερομένῳ
668 2727 806 2781 κατὰ
843 2731 904 2782 τὸ
943 2731 1068 2791 ἕλος
1104 2729 1163 2780 ἐκ
1202 2731 1314 2780 τῶν
1340 2729 1628 2793 ναυαγίων
1656 2727 1847 2779 ἐπιτυ-

160 2816 294 2883 χών,
325 2813 525 2869 ἑαυτόν
553 2833 606 2865 τε
635 2813 962 2880 ἐνθέμενος,
1001 2812 1091 2865 ἐπὶ
1117 2812 1223 2882 τὴν
1248 2814 1423 2879 νῆσον
1449 2811 1542 2861 καὶ
1567 2810 1718 2877 παρὰ
1743 2806 1848 2877 τὴν
