1916 3132
0 10 19 55 31

33 0 65 33 ’“
86 7 136 27 ³²⁹⁴·
160 0 315 53 (lallazst'r'x
349 0 383 8 ι
479 0 720 34 2'2Wl'2l*
738 0 744 4 '
784 0 801 5 ‘⁴'
836 0 844 7 ‘
871 0 989 19 ”“”Ἰ“”
1048 0 1067 3 “

140 85 243 140 102
802 93 888 139 ΤΕ
895 94 983 139 TA
990 92 1175 140 ΡΤΟΝ

133 225 246 295 γάρ
272 228 463 280 νόσων
487 225 519 296 ἡ
552 228 764 297 σιωπή,
792 227 855 281 τὸ
881 228 943 282 δὲ
972 199 1392 296 ἐκλαλούμενον
1424 227 1833 300 εὐπαραμύθη-

79 312 113 364 6
137 330 255 364 τον.
308 310 502 380 ὀλίγον
529 305 636 364 οὖν
665 311 973 380 ἐπισχοῦσα
999 311 1139 381 πρὸς
1165 316 1359 382 ταῦτα,
1387 312 1480 366 καὶ
1505 318 1708 383 μυρίας
1731 315 1833 368 τοῦ

134 401 244 449 νοῦ
269 397 480 465 τροπάς
499 415 558 449 τε
585 397 677 448 καὶ
705 394 882 464 ὁρμὰς
910 399 971 450 ἐκ
998 401 1114 450 τῶν
1142 395 1329 461 ὄψεων
1350 398 1678 468 ἐμφήνασαρ
1691 413 1831 467 συγ-

134 479 414 550 χώρησον,
444 483 579 549 ἔφη,
607 500 702 548 μοι
728 479 790 534 τὸ
818 480 1087 553 τήμερον·
1130 480 1348 553 ἀκούσῃ
1377 483 1438 535 δὲ
1475 484 1755 552 εἰσαῦθις,
1785 485 1837 537 εἰ

134 562 208 634 μὴ
237 568 430 636 γνοίης
455 569 761 636 προλαβών
789 566 886 620 ἅτε
911 568 1176 636 μαντικὸς
1203 563 1347 620 εἶναι
1372 566 1734 636 βουλόμενος.

243 650 429 720 ἐξῄειν
456 650 704 706 αὐτόθεν
730 650 1001 719 ἀναστάς,
1042 649 1302 714 ἐνδιδούς
1335 654 1402 721 τῇ
1438 652 1577 722 κόρῃ
1616 654 1830 722 διαιτῆ-

136 746 230 786 σαι
257 733 321 787 ἐν
346 738 423 806 τῷ
446 735 651 804 μεταξύ
677 742 774 806 τῆς
801 740 981 805 ψυχῆς
1007 735 1068 789 τὸ
1095 732 1458 805 αἰδούμενον(
1506 734 1534 788 ὁ
1562 736 1623 789 δὲ
1650 741 1831 805 Χαρι-

134 823 272 888 κλῆς
297 816 535 888 ὑπήντα,
566 821 733 881 καὶ,τί
751 822 1143 890 φράζειν”ἕχεις
1161 820 1367 890 ήρῶτα.
1409 821 1593 874 πάντα
1618 822 1831 889 δεξιῶς,

137 906 335 972 ἔλεγον
352 921 362 933 ·
391 906 467 968 εἰς
492 904 598 976 γὰρ
626 904 729 974 τὴν
754 903 1057 973 ὑστεραίαν
1083 906 1185 958 τοῦ
1208 907 1311 973 μὲν
1332 905 1700 973 ἐνοχλοῦντος
1718 908 1832 958 πά-

135 994 280 1052 θους
317 988 718 1058 ἀπαλλάξεται,
757 991 951 1058 ἕτερον
988 990 1053 1042 δέ
1087 1010 1137 1042 τι
1173 993 1285 1042 τῶν
1324 1003 1413 1042 σοι
1451 989 1585 1042 καθ’
1613 987 1827 1059 ἡδονὴν

133 1070 541 1144 ὑποστήσεται·
582 1074 789 1128 κωλύει
829 1075 888 1128 δὲ
929 1071 1096 1127 οὐδὲν
1134 1076 1227 1126 καὶ
1255 1075 1464 1142 ἰατρῶν
1490 1074 1614 1127 τινὰ
1642 1075 1829 1128 εἰσκα-

135 1159 271 1212 λεῖν.
323 1157 631 1229 ἀπέτρεχον
657 1163 832 1212 ταῦτα
861 1158 1051 1226 εἰπών,
1088 1161 1188 1210 τοῦ
1213 1157 1287 1227 μή
1313 1178 1364 1210 τι
1391 1157 1562 1211 πλέον
1588 1156 1687 1211 τὸν
1714 1162 1830 1212 Χα-

136 1243 328 1306 ρικλέα
355 1245 661 1298 πυθέσθαι.
723 1241 930 1311 μικρὸν
956 1243 1016 1294 δὲ
1045 1240 1180 1295 ὅσον
1215 1244 1316 1295 τοῦ
1342 1242 1626 1310 δωματίου
1652 1241 1830 1310 προή-

134 1346 254 1380 κων
269 1324 394 1396 ’ὁρῶ
431 1329 532 1383 τὸν
570 1331 856 1396 Θεαγένην
892 1325 1069 1380 αὐτοῦ
1105 1346 1216 1380 που
1248 1326 1377 1394 περὶ
1414 1323 1514 1379 τὸν
1548 1327 1698 1380 νεὼν
1735 1327 1829 1379 καὶ

135 1412 238 1466 τὸν
275 1417 582 1482 περίβολον
610 1405 1074 1480 είλούμενονζκαὶ
1101 1412 1241 1479 πρὸς
1267 1408 1468 1464 ἑαυτὸν
1494 1411 1826 1478 διαλεγόμε-

136 1515 260 1564 νον,
301 1496 490 1566 ῶσπερ
530 1496 796 1566 ἀποχρῶν
822 1496 975 1567 αὐτῷ
1015 1497 1109 1548 καὶ
1134 1496 1315 1565 μόνην
1340 1492 1444 1564 τήν
1483 1467 1708 1564 οἰζιησιν
1733 1499 1831 1564 τῆς

134 1583 473 1649 Χαρικλείας
509 1589 890 1650 περισκοπεῖν.
959 1579 1375 1649 ἐκτραπόμενος
1421 1573 1529 1634 οὖν
1568 1581 1828 1652 παρῄειν,

136 1661 325 1734 ῶσπερ
354 1663 458 1734 οὐχ
478 1665 754 1735 ἑωρακώς.
804 1660 834 1717 ὃ
861 1665 921 1717 δὲ
947 1674 1105 1734 χαῖρε
1132 1661 1307 1733 εἶπεν,
1339 1655 1385 1716 ῶ
1410 1664 1707 1734 Καλάσιρι,
1737 1664 1831 1717 καὶ

136 1745 333 1803 ἄκουε·
363 1750 424 1802 σὲ
450 1750 559 1817 γάρ
587 1769 671 1803 τοι
698 1750 1048 1817 περιέμενον.
1091 1746 1442 1817 ἀνέστρεφον
1469 1747 1706 1818 ἀθρόον,
1734 1749 1830 1802 καὶ

138 1816 688 1903 Θεαγένηςῃέλεγονῃὸ
718 1833 913 1895 καλός·
943 1831 1068 1885 ἀλλ’
1092 1830 1193 1901 οὐχ
1219 1828 1509 1901 ἑωράκεινῖ
1547 1842 1706 1896 ποῖος
1726 1853 1828 1886 κα-

135 1920 251 1983 λός,
281 1919 409 1986 ἔφη,
439 1916 468 1971 ὁ
489 1920 796 1988 Χαρικλείᾳ
822 1916 894 1986 μὴ
923 1915 1180 1983 ἀρεστός;
1208 1914 1568 1985 ἠγανάκτουν
1597 1916 1705 1983 ἐγώ
1732 1917 1831 1985 μέ-

135 2020 225 2069 χρι
251 2006 366 2054 τῶν
393 1994 609 2073 ὄιρ-εωνξ
631 2002 820 2074 καὶῃού
845 1986 1255 2070 παύσῃμέλεγον,
1266 1999 1511 2069 ὑβρίζων
1539 2002 1640 2069 ἐμέ
1659 1988 1830 2054 τεῖαὶ

137 2084 241 2154 τὴν
269 2084 410 2156 ε’μήν
436 2071 654 2156 τέᾷνην,
693 2084 794 2154 ὑφ’
821 2078 889 2155 ἧς
912 2084 1134 2154 ἥλωκεν
1158 2084 1268 2154 ἤδη
1308 2083 1400 2138 καὶ
1429 2087 1568 2153 ε’ρᾶν
1594 2099 1699 2138 σου
1725 2104 1828 2137 κα-

137 2172 537 2238 τηνάγκασται,
566 2172 660 2223 καὶ
686 2167 867 2258 QZ„
856 2169 1048 2238 ῶσπερ
1076 2169 1202 2222 τινὰ
1225 2172 1338 2223 τῶν
1365 2150 1827 2249 κρειττόνωτζῐε-ὔ-

1863 588 1883 620 5

1859 1009 1899 1043 10

1858 1431 1908 1464 15v

1859 1853 1900 1886 20

134 2255 325 2323 myst?
344 2257 403 2306 τί
422 2256 625 2323 λέγεις,
656 2258 761 2324 ἔφη
778 2296 792 2323 ,
820 2257 862 2308 ω’
888 2255 1084 2323 πάτερ·
1116 2253 1261 2323 ὁρᾶν
1289 2254 1385 2322 ἐμὲ
1406 2257 1736 2323 Χαρίκλεια;
1777 2255 1836 2306 τί
1858 2275 1899 2307 25

136 2331 243 2391 οὖν
282 2336 389 2391 οὐκ
428 2337 579 2406 ἄγεις
616 2337 722 2408 ἤδη
770 2338 903 2409 παρ’
933 2337 1140 2407 αὐτήν;
1191 2338 1283 2391 καὶ
1321 2336 1434 2405 ἅμα
1473 2338 1825 2407 προέτρεχεν.

138 2423 542 2490 ἐπιλαβόμενος
561 2416 669 2476 οὖν
689 2426 785 2491 τῆς
809 2424 1117 2492 χλαμύδος,
1147 2426 1339 2490 στῆθι,
1369 2423 1533 2489 ἔφην,
1562 2414 1752 2490 οὗτος,
1783 2423 1834 2474 εί

137 2507 232 2560 καὶ
259 2505 387 2571 ὀξὺς
406 2507 666 2576 δραμεῖν·
697 2504 766 2560 οὐ
782 2505 891 2576 γάρ
912 2506 1177 2576 ἅρπαγμα
1202 2504 1265 2557 τὸ
1290 2507 1543 2573 πρᾶγμα,
1572 2502 1705 2559 οὐδὲ
1727 2503 1830 2559 εὔ-

137 2610 288 2644 ωνον
311 2591 405 2644 καὶ
419 2594 535 2644 τῶν
556 2591 619 2643 ἐν
635 2592 802 2662 μέσῳ,
823 2592 899 2660 τῷ
917 2591 1243 2660 βουλομένω
1265 2592 1658 2658 προκείμενον,
1682 2587 1826 2643 ἀλλά

137 2678 350 2744 πολλῆς
367 2675 471 2743 μὲν
491 2677 718 2744 βουλῆς,
743 2672 886 2729 ῶστε
907 2675 1231 2743 πρεπόντως
1250 2672 1596 2743 ἀνυσθῆναι,
1619 2676 1829 2742 πολλῆς
1857 2696 1900 2730 3ο

1804 2752 1828 2774 2.

141 2761 202 2812 δὲ
241 2760 571 2827 διασκευῆς,
600 2758 744 2811 ῶστε
771 2757 1038 2827 ἀσφαλῶς
1076 2761 1425 2826 πραχθῆναι,
1454 2758 1742 2825 δεόμενον.
1791 2777 1824 2825 η
1848 2780 1851 2782 ·

138 2842 239 2895 τὸν
279 2841 488 2910 πατέρα
525 2846 624 2910 τῆς
661 2836 833 2912 κόρης
867 2839 1178 2911 ἠγνόηκας,
1218 2840 1294 2904 ῶς
1318 2844 1567 2910 Δελφῶν
1606 2839 1724 2895 ἐστὶ
1761 2836 1827 2894 τὰ
