1916 3132
724 0 867 29 ⁷7⁷
945 0 971 2 ,.

166 97 246 149 -36
279 56 285 71 ‘
463 119 468 123 -
634 62 647 76 ‘⁵
899 96 1063 141 Ltssiu
1091 97 1136 140 Π

165 218 625 276 nobilissimorum
656 217 911 270 iuuenum
945 236 1130 286 pacem
1160 218 1431 287 publicam
1462 217 1694 272 infestat.
1741 237 1858 288 pas-

167 293 269 346 sim
311 292 607 345 trucidatos
653 311 749 360 per
787 292 990 345 medias
1029 292 1232 361 plateas
1279 292 1491 358 uidebis
1525 293 1717 362 iacere,
1761 311 1858 347 nec

167 367 427 436 praesidis
452 366 652 419 auxilia
682 366 978 436 longinqua
1014 366 1192 419 leuare
1225 366 1500 419 ciuitatem
1530 369 1682 421 tanta
1712 366 1859 420 clade

167 444 407 511 possunt.
447 440 548 493 tibi
572 459 700 494 uero
727 441 973 493 fortunae
998 439 1248 509 splendor
1263 440 1498 510 insidiam,
1522 443 1858 510 contemptus

169 517 332 569 etiam
371 515 818 584 peregrinationis
857 515 1212 583 (periculum)
1248 515 1448 584 poterit
1487 514 1724 568 adferre?
1830 521 1834 524 ’
1881 536 1902 570 5

172 640 173 643 ,
285 589 410 642 <Fac
435 590 550 642 sine
575 589 720 642 cura'
745 590 963 658 inquam
988 589 1097 659 ‘sis7
1126 588 1278 642 Fotis
1309 608 1439 642 mea.
1494 608 1620 642 nam
1649 592 1860 658 praeter

172 664 315 733 quod
347 663 520 733 epulis
552 663 739 716 alienis
770 663 1077 732 uoluptates
1108 682 1254 716 meas
1286 664 1616 733 anteferrem,
1654 665 1858 717 metum

170 739 333 791 etiam
384 738 551 790 istum
601 738 702 790 tibi
753 738 960 790 demam
1009 741 1278 790 maturata
1325 738 1670 808 regressione.
1761 755 1859 790 nec

170 816 350 865 tamen
400 812 744 865 incomitatus
795 812 899 864 ibo.
985 830 1110 863 nam
1161 811 1394 881 gladiolo
1445 811 1603 864 solito
1651 811 1858 864 cinctus
1904 871 1908 876 ,

171 887 485 940 altrinsecus
525 887 638 955 ipse
678 886 866 939 salutis
906 904 1053 938 meae
1092 886 1358 954 praesidia
1396 885 1653 955 gestabo?
1881 907 1916 940 ic

282 960 371 1014 Sic
408 964 628 1030 paratus
669 979 825 1013 cenae
864 979 949 1013 me
989 960 1282 1012 committo

278 1033 507 1088 XVIIII.
571 1035 843 1103 Frequens
875 1035 951 1086 ibi
981 1052 1233 1087 numerus
1266 1033 1555 1103 epulonum
1586 1036 1641 1086 et
1668 1035 1857 1102 utpote

169 1110 311 1179 apud
348 1110 633 1178 primatem
671 1109 925 1161 feminam
963 1109 1064 1161 flos
1103 1109 1217 1177 ipse
1257 1108 1508 1160 ciuitatis,
1584 1107 1859 1176 (mamae)

169 1176 437 1253 opip'iires2
455 1184 589 1236 citro
630 1187 683 1236 et
723 1183 879 1236 ebore
919 1183 1173 1251 nitentes,
1218 1182 1344 1235 lecti
1395 1182 1568 1235 aureis
1614 1182 1856 1235 uestibus

169 1258 378 1327 intecti,
424 1258 590 1327 ampli
629 1257 817 1310 calices
864 1258 1043 1309 uariae
1090 1256 1305 1325 quidem
1352 1257 1554 1326 gratiae
1603 1256 1697 1309 sed
1741 1274 1855 1325 pre·
1880 1275 1916 1310 ιε

169 1332 426 1385 tiositatis
465 1332 639 1385 unius.
715 1331 804 1384 hic
842 1331 1045 1384 uitrum
1083 1331 1231 1383 fabre
1270 1331 1588 1400 sigillatum,
1627 1330 1705 1383 ibi
1742 1348 1856 1383 cru-

172 1407 390 1459 stallum
429 1406 768 1475 inpunctum,
818 1408 1099 1475 argentum
1139 1405 1267 1457 alibi
1314 1405 1515 1457 clarum
1565 1407 1620 1457 et
1668 1422 1856 1458 aurum

171 1480 451 1550 fulgurans
504 1484 556 1533 et
603 1481 845 1533 sucinum
892 1480 1024 1532 mire
1075 1482 1323 1532 cauatum
1373 1483 1425 1532 et
1469 1479 1673 1547 lapides
1723 1479 1858 1532 unde

170 1555 324 1606 bibas
365 1558 418 1606 et
458 1555 712 1623 quicquid
749 1555 867 1607 fieri
906 1553 1105 1623 <potest
1141 1554 1220 1622 et>
1265 1572 1374 1606 non
1411 1555 1590 1622 potest
1638 1552 1715 1605 ibi
1760 1556 1855 1606 est.

172 1616 513 1680 diribitores!
532 1629 765 1696 plusculi
819 1628 1093 1697 splendide
1148 1628 1329 1680 amicti
1381 1627 1582 1680 fercula
1643 1626 1857 1695 copiosa
1879 1646 1916 1680 π

173 1702 362 1755 scitule
381 1703 800 1770 subministrare,
815 1703 967 1770 pueri
985 1702 1331 1755 calamistrati
1346 1701 1567 1770 pulchre
1589 1700 1661 1770 [p.
1673 1699 1854 1770 30.E.]

172 1763 455 1829 indusiati³
466 1793 703 1845 gemmas
740 1776 996 1828 formatas
1035 1776 1090 1828 in
1128 1776 1321 1844 pocula
1358 1776 1472 1829 uini
1517 1775 1719 1828 uetusti
1755 1775 1855 1827 fre-

174 1853 397 1920 quenter
437 1850 636 1902 offerre.
711 1849 816 1901 iam
856 1849 1037 1901 inlatis
1076 1849 1369 1902 luminibus
1410 1849 1641 1918 epularis
1681 1867 1854 1902 sermo

172 1924 526 1994 percrebruit,
575 1924 682 1976 iam
719 1923 859 1976 risus
900 1923 1122 1975 affluens
1164 1926 1215 1975 et
1254 1923 1357 1975 ioci
1394 1922 1641 1975 liberales
1682 1925 1736 1975 et
1774 1941 1854 1975 ca-

77 2029 80 2033 *
173 1999 337 2051 uillus
375 1998 501 2050 hinc
540 1998 676 2067 inde,
714 2015 832 2050 cum
871 1997 991 2049 infit
1030 1997 1095 2048 ad
1132 2015 1217 2048 me
1254 1996 1565 2064 Byrrhaena
1878 2013 1916 2049 25

287 2072 480 2135 ‘Quam
519 2071 792 2125 commode
830 2071 1059 2124 uersaris
1106 2070 1162 2122 in
1207 2074 1391 2122 nostra
1435 2069 1643 2138 patria?
1713 2070 1857 2139 quod

175 2147 339 2199 sciam
356 2146 571 2214 templis
589 2150 642 2199 et
656 2146 883 2198 lauacris
909 2149 961 2198 et
985 2145 1172 2198 ceteris
1191 2144 1438 2213 operibus
1455 2144 1614 2214 longe
1639 2147 1855 2197 cunctas

298 2370 322 2408 1
347 2365 544 2409 infestat
565 2365 678 2410 Oud.
710 2364 887 2409 infecta
909 2365 989 2420 Εφ
1014 2365 1070 2419 cf.
1083 2368 1239 2419 25.12;
1258 2368 1394 2408 27.25
1486 2369 1512 2407 5
1531 2362 1858 2424 (periculum)
1911 2391 1913 2394 ι

179 2426 353 2470 inserui
391 2426 710 2480 contemptum
749 2423 895 2468 etiam
923 2422 1238 2480 peregrinatio
1271 2423 1491 2468 Pricaeus
1640 2426 1666 2466 8
1705 2423 1858 2466 matu-

177 2485 311 2529 rante
343 2483 402 2526 F1
434 2484 604 2528 Petsch.
643 2484 882 2527 maturata
913 2500 948 2540 φ
989 2484 1151 2540 (altera
1183 2496 1211 2525 a
1250 2483 1301 2525 in
1330 2485 1438 2538 ras.)
1540 2487 1566 2526 9
1606 2480 1758 2525 cintus
1797 2480 1857 2538 φ1

181 2549 236 2587 13
281 2542 538 2602 (mensae)
582 2544 715 2587 inser.
749 2543 906 2587 Rohde
1055 2540 1286 2601 ciuitatife
1318 2541 1354 2584 F
1401 2543 1444 2601 (e
1483 2546 1546 2586 est
1586 2554 1736 2596 erasa,
1780 2541 1858 2585 sed

180 2616 275 2647 aion
305 2606 514 2659 prorsus)
554 2601 764 2645 ciuitatis
797 2601 1012 2658 opipares
1045 2617 1079 2657 φ
1135 2614 1171 2645 c.
1206 2602 1253 2644 et
1285 2614 1324 2644 0.
1359 2601 1387 2643 δ
1530 2604 1584 2643 14
1627 2599 1744 2644 citro
1774 2598 1856 2656 Fq,

182 2661 277 2705 cibi
311 2661 429 2718 3Vg
536 2665 591 2703 18
629 2660 752 2704 unde
783 2662 946 2717 scripsi
982 2661 1036 2703 ut
1065 2661 1163 2703 cdd.
1267 2664 1319 2701 19
1351 2659 1541 2717 <potest
1571 2658 1654 2719 et>
1685 2659 1860 2702 inserui

183 2726 238 2765 21
272 2719 625 2776 subministrare
650 2722 782 2777 (corr.
803 2735 859 2763 m.
877 2721 932 2776 r.)
958 2736 993 2775 φ
1026 2717 1432 2762 subministrantes
1456 2724 1498 2762 et
1520 2718 1650 2773 infra
1680 2719 1766 2774 (36.
1784 2718 1858 2773 23)

185 2778 429 2824 offerentes
460 2779 579 2835 avg
670 2784 724 2821 22
756 2792 940 2836 gemma
970 2777 1072 2834 qua
1163 2777 1387 2821 formatas
1420 2775 1677 2833 simpocula
1707 2793 1743 2832 φ
1775 2774 1859 2833 (im
1909 2812 1911 2814 .

183 2853 239 2883 ex
276 2838 327 2881 in
364 2853 475 2884 corr.
507 2852 564 2882 m.
595 2838 651 2894 r.)
746 2854 753 2857 ’
802 2842 858 2880 24
894 2835 1159 2894 percrebuit
1199 2835 1304 2893 Fcpl
1423 2835 1616 2879 affluens
1654 2834 1758 2891 F1q>
1797 2834 1858 2890 cf.

185 2901 299 2942 38.6
422 2902 478 2941 25
509 2911 615 2942 cum
646 2897 792 2941 Kron.
824 2898 921 2948 coll.
953 2902 994 2940 4.
1013 2901 1068 2940 29
1122 2897 1223 2939 tum
1250 2896 1350 2940 cdd.
1390 2894 1646 2939 inde.tum
1675 2893 1726 2938 E.
