1916 3132
197 103 267 156 84
919 104 1178 153 TPITON

199 240 307 311 δὴν
345 240 498 312 αὐτῷ
535 242 846 310 προσήκειν
885 243 1058 309 ἔλεγε,
1097 241 1200 295 τὸν
1235 241 1429 312 βωμὸν
1467 243 1528 297 δὲ
1567 239 1597 296 ὁ
1620 245 1718 312 τῆς
1741 247 1891 295 θεω-

201 331 326 396 ρίας
351 324 540 395 ἄρχων
567 322 800 393 ἁπτέτω,
839 323 991 392 παρὰ
1027 329 1125 396 τῆς
1161 329 1401 395 ζακόρου
1432 325 1535 398 τὴν
1561 327 1706 398 δᾷδα
1731 343 1892 395 κομι-

202 412 470 480 σάμενος·
519 413 687 464 τοῦτο
736 408 845 478 γάρ
895 412 1028 472 ἔθος
1065 407 1095 463 ὁ
1134 413 1367 481 πάτριος
1402 411 1667 480 γινώσκει
1703 408 1890 479 νόμος.

199 499 375 551 ταῦτα
413 493 563 563 εἷπε,
616 495 710 547 καὶ
749 492 782 547 ὃ
816 493 921 563 μὲν
961 497 1223 563 ἔσπενδε,
1261 495 1323 549 τὸ
1361 500 1475 566 πῦρ
1514 495 1576 550 δὲ
1615 494 1896 569 QZQ

203 581 541 650 ἐλάμβανεν,
583 577 690 645 ὅτε,
731 569 776 630 ὦ
803 582 934 647 φίλε
959 582 1228 648 Κνήμων,
1268 582 1359 634 καὶ
1388 579 1472 633 ὅτι
1496 587 1659 634 θεῖον
1683 577 1716 648 ἡ
1744 574 1894 647 ψυχὴ

202 666 296 719 καὶ
334 665 602 733 συγγενὲς
641 661 869 716 ἄνωθεν
907 672 1022 726 τοῖς
1060 667 1242 732 ἔργοις
1282 665 1676 734 ε’πιστούμεθα.
1753 661 1897 731 ὁμοῦ

201 749 394 818 τεγάρ
433 747 713 817 ἀλλήλους
752 746 945 821 ἑώρων
983 749 1190 821 οίρνέοι
1228 750 1320 822 καὶ
1358 747 1534 819 ἤρων,
1575 736 1771 817 ὥσπερ
1801 751 1898 817 τῆς

203 837 384 903 ψυχῆς
411 833 472 886 ἐκ
498 832 721 902 πρώτης
758 831 1058 895 ἐντεύξεως
1095 830 1156 887 τὸ
1196 832 1391 902 ὅμοιον
1430 831 1769 902 ἐπιγνούσης
1805 832 1898 885 καὶ

203 918 344 987 πρὸς
367 919 430 972 τὸ
458 916 581 971 κατ’
603 915 766 980 ἀξίαν
787 918 999 970 οἰκεῖον
1023 918 1508 988 προσδραμούσης.
1550 921 1777 987 πρῶτον
1794 917 1899 986 μὲν

203 1001 313 1073 γάρ
340 1001 560 1070 ἀθρόον
585 1021 638 1055 τι
664 1002 758 1054 καὶ
795 1000 1140 1070 ἐπτοημένου
1179 1005 1439 1071 ἔστησαν,
1480 1001 1572 1055 καὶ
1609 999 1715 1071 τὴν
1752 1001 1898 1071 δᾷδα

205 1073 712 1164 ὁλκότερονβῇ-μὲν
752 1086 1081 1154 ἐνεχείριζεν
1116 1082 1245 1161 Q
1280 1085 1599 1155 ὑπεδέχετο,
1638 1086 1733 1140 καὶ
1769 1082 1900 1148 τούς

207 1169 541 1243 ὀφθαλμούς
578 1168 793 1234 ἀτενεῖς
833 1170 923 1223 ἐπὶ
961 1171 1107 1223 πολὺ
1146 1171 1274 1224 κατ’
1309 1169 1570 1239 ἀλλήλων
1608 1171 1898 1239 πήξαντες,

205 1257 397 1327 ὥσπερ
437 1261 492 1310 εἴ
522 1274 635 1308 που
681 1257 1048 1323 γνωρίζοντες
1093 1251 1129 1323 ἢ
1177 1255 1392 1319 ἰδόντες
1437 1255 1732 1325 πρότερον,
1782 1263 1902 1316 ταῖς

205 1343 448 1412 μνήμαις
473 1338 988 1406 ἀναπεμπάζοντες,
1025 1335 1142 1392 εἶτα
1170 1339 1495 1408 έμειδίασαν
1519 1340 1704 1409 βραχύ
1728 1358 1782 1391 τι
1808 1336 1903 1392 καὶ

208 1423 590 1493 κλεπτόμενον
617 1425 710 1476 καὶ
736 1422 880 1492 μόνῃ
907 1427 974 1493 τῇ
1003 1426 1258 1492 διαχύσει
1285 1427 1387 1477 τοῦ
1413 1426 1723 1492 βλέμματος
1745 1425 1901 1492 ἐλεγ-

207 1511 473 1580 χόμενον.
551 1510 740 1561 ἔπειτα
795 1505 983 1575 ὥσπερ
1039 1509 1501 1571 καταιδεσθέντες
1555 1507 1618 1561 τὸ
1670 1505 1905 1577 γεγονὸς

211 1596 583 1661 έπυρρίασαν,
635 1592 728 1643 καὶ
767 1586 963 1660 αὖθις,
1014 1597 1116 1646 τοῦ
1155 1593 1403 1661 πάθους,
1458 1589 1630 1661 οἶμαι,
1669 1594 1764 1646 καὶ
1799 1590 1904 1662 τὴν

209 1679 450 1746 καρδίαν
490 1676 921 1744 ἐπιδραμόντος,
962 1675 1263 1745 ω’χρίασαν.
1339 1677 1433 1731 καὶ
1471 1675 1662 1741 ἁπλοῖς
1698 1679 1905 1747 μυρίον

211 1759 359 1825 εἶδος
387 1763 450 1816 ἐν
476 1760 650 1831 ὀλίγῳ
679 1763 755 1831 τῷ
780 1762 965 1832 χρόνῳ
983 1760 1081 1823 τάς
1101 1763 1258 1824 ὄψεις
1278 1761 1493 1830 ἀμφοῖν
1515 1759 1902 1830 ε’πεπλανήθη,

210 1847 303 1901 καὶ
340 1843 618 1915 μεταβολὴ
657 1848 894 1897 παντοιά
942 1850 1135 1914 χροιᾶς
1179 1865 1238 1898 τε
1284 1845 1376 1898 καὶ
1422 1848 1762 1915 βλέμματος,
1810 1848 1908 1914 τῆς

211 1935 393 2000 ψυχῆς
418 1929 519 1982 τὸν
546 1929 721 1982 σάλον
746 1933 1151 1999 κατηγοροῦσα.
1191 1935 1366 1983 ταῦτα
1394 1927 1454 1983 δὲ
1479 1931 1611 1992 τοὺς
1635 1931 1740 1998 μὲν
1765 1932 1907 1982 πολ-

213 2017 372 2082 λούς,
413 2014 490 2077 ώς
525 2015 700 2082 εἰκός,
754 2014 1089 2082 ἐλάνθανεν,
1129 2013 1306 2068 ἄλλον
1341 2012 1482 2081 πρὸς
1511 2012 1688 2083 ἄλλην
1714 2016 1907 2083 χρείαν

212 2120 272 2153 τε
297 2099 389 2152 καὶ
417 2099 677 2152 διάνοιαν
705 2096 894 2166 ὄντας,
935 2096 1211 2152 ἐλάνθανε
1247 2100 1309 2153 δὲ
1349 2098 1441 2152 καὶ
1477 2100 1580 2153 τὸν
1607 2096 1907 2167 Χαρικλέα,

213 2182 316 2253 τὴν
341 2183 582 2250 πάτριον
609 2180 781 2251 εὐχὴν
806 2183 899 2236 καὶ
938 2184 1233 2253 ἐπίκλησιν
1268 2185 1737 2252 καταγγέλλοντα.
1798 2179 1906 2250 ἐγώ

215 2269 277 2322 δὲ
303 2265 443 2334 πρὸς
467 2270 602 2335 μίαν
627 2265 730 2334 τήν
769 2267 1159 2337 παρατήρησιν
1195 2271 1311 2321 τῶν
1347 2271 1494 2320 νέων
1534 2263 1909 2337 ἠσχολούμην,

219 2353 275 2416 ἐξ
304 2353 526 2406 ἐκείνου
553 2344 598 2402 (5
624 2353 874 2420 Κνήμων
902 2353 959 2416 ἐξ
987 2344 1162 2422 οὗπερ
1190 2350 1219 2406 ὁ
1244 2353 1489 2421 χρησμὸς
1528 2353 1620 2405 ἐπὶ
1647 2351 1912 2419 Θεαγένει

217 2435 482 2504 θυομένῳ
529 2438 668 2488 κατὰ
716 2435 813 2489 τὸν
858 2434 1006 2490 νεών
1054 2435 1248 2506 ᾔδετο,
1298 2435 1437 2503 πρὸς
1483 2433 1762 2490 ὑπόνοιαν
1798 2437 1913 2488 τών

222 2521 506 2590 ἐσομένων
554 2518 665 2573 ἀπὸ
718 2523 831 2574 τῶν
878 2520 1172 2588 ὀνομάτων
1219 2522 1594 2589 κεκινημένος.
1669 2517 1805 2572 ἄλλο
1850 2518 1913 2572 δὲ

222 2603 467 2675 ἀκριβῶς
505 2601 676 2658 οὐδὲν
716 2608 796 2658 ἔτι
833 2609 946 2658 τών
985 2605 1106 2672 ἑξῆς
1142 2605 1505 2673 χρησθέντων
1543 2604 1875 2671 συνέβαλον.

179 2693 213 2746 6
349 2687 468 2741 ἐπεὶ
507 2688 568 2741 δὲ
606 2686 714 2751 ὀψέ
745 2708 878 2743 ποτε
912 2690 1007 2742 καὶ
1031 2688 1221 2757 ὥσπερ
1246 2691 1440 2756 βιαίως
1466 2688 1558 2756 τῆς
1583 2687 1753 2757 κόρης
1775 2685 1916 2740 ἀπο-

243 2775 535 2842 σπώμενος
561 2771 590 2826 ὁ
617 2774 894 2847 Θεαγένης
919 2772 1172 2842 ὑπέθ-ηκέ
1191 2791 1252 2824 τε
1276 2769 1336 2824 τὸ
1364 2771 1677 2840 λαμπάδιον
1702 2769 1792 2824 καὶ
1819 2769 1916 2824 τὸν

229 2856 422 2928 βωμὸν
448 2855 647 2927 ἀνῆψε,
688 2859 883 2923 λέλυτο
911 2857 1071 2927 μὲνὴ
1101 2856 1311 2925 πομπή,
1352 2856 1494 2923 πρὸς
1529 2855 1770 2923 εὐωχίαν
1803 2857 1916 2915 τῶν

1424 3096 1454 3111 Α

1455 3116 1472 3132 ,ι
