1916 3132
139 31 148 34 ’
179 44 249 96 46
835 50 1217 98 AEYTEPON

181 184 338 252 μένη,
380 193 495 247 τοῖς
522 186 748 247 οἰκείοις
782 189 878 255 τῆς
902 187 1256 255 Δημαινέτης
1282 190 1596 255 προσιοῦσα
1621 189 1726 258 τὴν
1751 188 1875 242 κατ’

183 265 355 335 αὐτῆς
394 267 702 338 ἐπιβουλὴν
741 265 850 323 ὑπὸ
889 274 986 338 τῆς
1024 273 1232 339 Θίσβης
1267 271 1630 341 ἐξηγόρευσε,
1670 271 1737 326 τά
1774 273 1880 342 μὲν

184 349 320 421 αὐτή
365 351 500 405 καθ’
529 352 706 423 αὐτὴν
744 352 1168 422 ὑποτοπήσασα,
1208 353 1274 407 τά
1314 357 1374 408 δὲ
1415 357 1506 409 καὶ
1545 361 1641 426 τῆς
1668 360 1880 427 Θίσβης

187 435 328 506 αὐτῇ
374 434 526 504 παρά
563 437 668 506 την
706 438 954 505 ἑταιρίαν
1005 438 1348 508 ἐξειπούσης.
1433 442 1738 505 συστάντες
1777 433 1883 496 οὖν

186 521 278 575 ἐπὶ
315 520 413 573 τὸν
451 522 661 588 πατέρα
699 521 799 575 τὸν
839 525 977 592 ἐμὸν
1017 524 1075 574 οί
1106 524 1244 575 κατὰ
1269 525 1430 591 γένος
1457 530 1525 595 τῇ
1555 527 1876 597 Δημαινέτη
1907 546 1916 577 ε

187 604 587 673 προσήκοντες,
632 605 724 659 καὶ
762 605 894 669 τοὺς
930 609 1290 670 δεινοτάτους
1315 612 1428 661 τῶν
1457 609 1714 680 ῥητόρων
1739 609 1880 678 πρὸς

183 687 285 758 τὴν
323 694 665 760 κατηγορίαν
701 692 791 744 ἐπὶ
819 695 1048 754 πολλοῖς
1073 692 1350 761 χρήμασιν
1377 691 1878 764 ἀναβιβασάμενοι,

183 773 415 842 ἄκριτον
474 777 567 828 καὶ
627 773 965 844 ἀνέλεγκτον
1021 775 1342 846 ἀνῃρῆσθαι
1381 777 1482 847 τὴν
1521 779 1880 849 Δημαινέτην

182 860 384 927 ἐβόων,
426 861 517 912 καὶ
556 860 659 928 τὴν
693 863 1360 931 μοιχείαν“προκάλυμμα
1399 866 1500 915 τοῦ
1528 852 1712 931 φόνοῦ
1740 877 1879 932 συγ-

182 950 404 996 κεῖσθαι
426 944 738 1015 διεξῄεσαν,
768 945 859 998 καὶ
885 945 1274 998 ἐπιδεικνύναι
1294 945 1391 999 τὸν
1417 945 1614 1016 μοιχὸν
1639 944 1675 1016 ἢ
1699 950 1877 1014 ζῶντα
1911 968 1916 999 ι

181 1025 215 1097 ἢ
242 1030 555 1098 τεθνηκότα
580 1027 795 1098 ἠξίουν,
835 1029 871 1099 ἢ
898 1032 990 1083 καὶ
1016 1028 1267 1100 τοῦνομα
1294 1032 1527 1099 φράζειν
1551 1032 1728 1101 μόνον
1757 1031 1879 1085 ἐκέ-

182 1116 378 1165 λευον·
441 1116 533 1166 καὶ
585 1117 740 1176 τέλος
778 1113 879 1182 τὴν
922 1118 1137 1184 Θίσβην
1177 1117 1253 1177 εἰς
1297 1117 1584 1183 βασάνους
1623 1116 1874 1186 ἐξῄτουν.

182 1195 256 1259 ὠς
283 1197 344 1250 δὲ
371 1193 753 1267 ὑποσχόμενος
780 1197 809 1252 ὁ
837 1198 1018 1267 πατὴρ
1046 1198 1148 1252 οὐκ
1178 1196 1287 1268 εἶχε
1314 1199 1687 1269 παραδιδόναι
1714 1211 1878 1268 προιᾈ

183 1283 419 1350 δομένης
444 1285 619 1335 ταῦτα
648 1285 881 1352 ἐκείνης,
920 1285 998 1336 ε”τι
1026 1288 1122 1352 τῆς
1143 1285 1302 1354 δίκης
1328 1285 1755 1354 συνισταμένης,
1784 1285 1877 1337 καὶ

182 1362 354 1434 (οὕτω
394 1371 767 1435 συγκείμενον
808 1366 951 1437 αὐτῇ
1001 1366 1141 1437 πρὸς
1186 1367 1286 1422 τὸν
1336 1371 1604 1438 ἔμπορον)
1645 1370 1916 1437 δρασμῷ]

181 1451 556 1520 χρησαμένης,
587 1450 616 1503 ὁ
644 1454 819 1520 δῆμος
845 1447 1236 1522 ἀγανακτήσας
1262 1455 1437 1521 φονέα
1463 1454 1566 1521 μὲν
1594 1449 1696 1505 οὐκ
1724 1455 1877 1520 ἔκρι-

182 1553 299 1601 νεν,
351 1534 569 1589 ἅπαντα
609 1534 683 1599 ὠς
722 1540 882 1605 ἔσχεν
932 1535 1306 1605 ὑποθέμενον,
1357 1534 1430 1601 ὦς
1476 1538 1536 1590 δὲ
1584 1539 1876 1590 συναίτιον

182 1627 281 1689 τῆς
319 1640 377 1672 τε
417 1622 495 1682 εἰς
519 1622 876 1689 Δημαινέτην
916 1623 1222 1690 ἐπιβουλῆς
1259 1622 1353 1674 καὶ
1390 1623 1485 1691 τῆς
1512 1624 1646 1691 ἐμῆς
1672 1618 1875 1674 ἀδίκου

182 1708 367 1773 φυγῆς
403 1708 503 1757 τοῦ
542 1724 600 1757 τε
639 1704 835 1767 ἄστεος
874 1705 1066 1767 ἐδίωξε
1104 1707 1196 1757 καὶ
1237 1706 1502 1774 δημεύσει
1539 1709 1654 1758 τῶν
1692 1704 1876 1758 ὄντων

183 1789 475 1858 ἐζημίωσε,
525 1790 784 1858 τοιαύτης
833 1792 946 1841 τῶν
994 1789 1274 1855 δευτέρων
1311 1790 1506 1857 γάμων
1543 1794 1639 1858 τῆς
1677 1792 1916 1857 πείραςῇ

182 1870 554 1941 ἀπονάμενον.
611 1871 757 1925 οὕτω
795 1873 899 1940 μὲν
931 1869 964 1941 ἡ
1002 1876 1233 1942 κακίστη
1264 1877 1442 1942 Θίσβη
1470 1876 1563 1926 καὶ
1590 1875 1749 1936 δίκας
1770 1870 1872 1926 ὑπ’

181 1955 344 2020 ὄψεσι
392 1960 523 2010 νυνὶ
572 1966 692 2019 ταῖς
743 1957 896 2025 ἐμαῖς
939 1954 1263 2025 ὑποσχοῦσα
1310 1962 1423 2011 τῶν
1462 1953 1718 2027 Ἀθηνῶν
1757 1957 1874 2022 ἐξέ-

184 2045 405 2094 πλευσε.
472 2041 563 2095 καὶ
603 2045 776 2094 ταῦτα
815 2045 994 2111 μόνον
1032 2046 1136 2112 ε”χω
1176 2042 1494 2111 γινώσκειν,
1529 2042 1875 2104 Ἀντικλέους

182 2126 334 2189 τινὸς
371 2124 508 2178 κατὰ
557 2126 662 2195 τὴν
701 2132 944 2194 Αἴγιναν
993 2127 1438 2195 ἐξαγγείλαντος,
1491 2118 1534 2196 ᾧ
1573 2127 1665 2178 καὶ
1705 2127 1873 2192 δεῦρο

185 2212 263 2273 εἰς
287 2207 391 2278 τὴν
413 2215 705 2277 Αἴγυπτον
732 2213 1108 2279 συνέπλε-υσα,
1139 2217 1192 2264 εἴ
1211 2231 1286 2280 πῃ
1315 2210 1453 2263 κατοὲ
1482 2209 1871 2280 τὴνΝαύκρα-
1901 2230 1916 2262 2

183 2316 270 2348 τιν
297 2293 589 2362 ἀνεύροιμι
615 2293 720 2364 τὴν
749 2299 984 2364 Θίσβην,
1013 2298 1106 2348 καὶ
1145 2297 1222 2358 είς
1256 2294 1353 2356 τοὶς
1385 2292 1626 2364 Ἀθήνας
1661 2296 1872 2348 ἐπανα-

183 2378 375 2447 γαγεὸν
411 2378 642 2447 λύσαιμι
679 2380 783 2447 μὲν
820 2379 919 2442 τὰς
957 2379 1097 2433 κατά
1133 2383 1232 2432 τοῦ
1273 2378 1481 2447 πατρὸς
1516 2374 1787 2439 ὑπονοίας
1813 2396 1872 2430 τε

184 2462 277 2517 καὶ
303 2464 498 2530 αἰτίας,
526 2463 887 2533 ἀπαιτήσαιμι
915 2466 976 2517 δὲ
1002 2469 1115 2516 τῶν
1143 2466 1218 2526 εἰς
1244 2462 1454 2524 πάντας
1478 2459 1618 2530 ἡμᾶς
1641 2462 1872 2529 ἐπιβου-

184 2550 301 2600 λεὸν
339 2543 435 2608 τάς
470 2548 654 2614 δίκας,
696 2551 836 2601 ἔνθα
873 2549 939 2618 δὴ
970 2546 1101 2600 νυνὶ
1127 2548 1219 2599 καὶ
1247 2545 1353 2599 σὺν
1379 2544 1514 2614 ὑμῖν
1543 2544 1870 2614 ἐξετάζομαι.

184 2630 286 2701 τὴν
313 2633 373 2684 δὲ
401 2632 603 2698 αἰτίαν,
643 2633 734 2683 καὶ
772 2631 946 2698 ὅπως,
990 2634 1082 2684 καὶ
1117 2630 1219 2683 ὅσα
1245 2622 1374 2692 τοῦς
1398 2629 1602 2699 μεταξύ
1629 2631 1870 2698 χρόνους
1898 2650 1916 2683 3

183 2716 455 2781 ὑποστάς,
509 2717 765 2777 εἰσαῦθις
811 2715 1146 2769 ἀκούσεσθε.
1222 2712 1283 2767 τὸ
1333 2713 1393 2765 δὲ
1433 2712 1580 2775 ὅπως
1615 2711 1647 2782 ἡ
1689 2716 1868 2782 Θίσβη

189 2799 328 2855 κατὰ
365 2798 426 2852 τὸ
465 2797 674 2868 ἄντρον
713 2800 984 2869 καὶ’πρός
1021 2803 1193 2852 τίνων
1223 2796 1511 2868 ἀνῄρηται,
1551 2801 1695 2851 θεοῦ
1718 2794 1869 2856 τινὸς
