1916 3132
784 133 1091 182 ΠΡΩΤΟΝ
1720 131 1788 184 23

96 271 398 326 ἐπιστάντα
424 268 524 323 τὸν
549 267 749 340 μοιχὸν
773 267 1022 339 ἤπειγεν.
1066 267 1099 323 ὂ
1126 270 1186 324 δὲ
1215 270 1418 339 εἵπετο,
1443 270 1537 323 καὶ
1565 270 1789 334 ἐπιστάς

94 357 358 426 εἰστρέχει
396 375 455 409 τε
494 357 573 418 εἰς
610 355 672 408 τὸ
709 355 1010 424 δωμάτιον,
1052 354 1146 407 καὶ
1171 353 1274 424 τὴν
1304 357 1505 424 κλίνην
1532 354 1671 422 πρὸς
1696 377 1787 424 μι-

90 438 234 509 κρὰν
270 443 365 509 τῆς
402 442 701 508 σεληναίας
738 438 922 508 αὐγὴν
959 442 1213 508 χαλεπῶς
1250 437 1529 507 ἀνευρών,
1571 443 1676 509 ἔχω
1704 456 1785 510 σε,

91 521 263 593 εἶπεν,
304 517 349 578 ὦ
374 529 528 587 θεοῖς
556 524 750 593 ἐχθρά.
816 526 905 578 καὶ
942 523 974 594 ἡ
1008 527 1185 593 Θίσβη
1213 528 1570 594 παραχρῆμα,
1610 529 1786 580 ταῦτα

41 630 61 662 5
91 611 369 679 λέγοντος,
409 610 503 673 τάς
541 630 598 663 τε
637 609 822 676 θύρας
859 609 934 674 ὦς
972 607 1055 663 ὅτι
1084 613 1351 662 πλεῖστον
1379 610 1650 680 έψόφησε,
1693 613 1786 664 καὶ

89 693 135 748 ὦ
160 698 258 763 τῆς
282 693 529 761 ἀτοπίας,
570 695 942 763 διαδέδρακεν
977 692 1121 764 ἡμᾶς
1159 692 1188 747 ὁ
1226 695 1435 763 μοιχός,
1476 693 1781 764 ἀνεβόησε·

89 778 182 833 καὶ
219 778 324 848 ὅρα
349 779 589 833 δέσποτα
614 777 687 849 μὴ
717 778 809 833 καὶ
835 782 902 833 τὰ
930 780 1169 846 δεύτερα
1198 783 1432 849 σφαλῇς.
1491 778 1522 832 ὃ
1548 781 1609 834 δὲ
1636 780 1785 848 θάρ-

89 878 173 918 σει
211 866 343 934 ἕφη’
395 864 499 934 τὴν
537 863 845 933 ἀλιτήριον,
884 863 957 934 ἣν
994 866 1236 935 μα’λιστα
1276 864 1616 934 ἐβουλόμην,
1659 868 1782 933 ἔχω.

88 950 181 1002 καὶ
220 950 640 1020 συλλαβόμενος
677 943 815 1019 ἦγεν
855 947 930 1014 ὣς
968 949 1054 1002 ἐπὶ
1092 952 1198 1019 τὴν
1236 950 1420 1003 πόλιν.
1495 947 1532 1020 ἢ
1571 950 1631 1003 δὲ
1671 949 1785 1020 ἅμα

18 1054 57 1087 10
89 1034 272 1088 πάντα
298 1036 364 1088 τὰ
393 1038 751 1103 περιεστῶτα,
780 1033 854 1099 ὥς
883 1034 1047 1103 εἰκός,
1078 1036 1420 1105 ἐννοήσασα,
1447 1034 1551 1104 την
1571 1033 1784 1089 ἀποτυ-

89 1122 215 1189 χιάν
241 1123 355 1172 τῶν
382 1122 909 1190 προσδοκηθέντων,
948 1119 1052 1190 τὴν
1090 1122 1178 1174 ἐπὶ
1216 1129 1331 1184 τοῖς
1357 1123 1637 1187 παροῦσιν
1664 1119 1785 1173 ἀτι-

87 1207 239 1273 μίαν,
278 1202 382 1274 τὴν
422 1205 483 1258 ἐκ
521 1208 636 1257 τῶν
671 1207 863 1275 νόμων
901 1208 1193 1274 τιμωρίαν,
1235 1203 1516 1274 ἀνιωμένη
1554 1206 1658 1273 μὲν
1687 1204 1783 1274 ἐφ’

87 1282 171 1352 οἷς
201 1289 482 1358 ἡλίσκετο,
519 1292 934 1357 χαλεπαίνουσα
961 1291 1023 1343 δὲ
1052 1288 1145 1358 ἐφ’
1174 1284 1256 1353 οἷς
1288 1287 1553 1359 ἠπάτηςτο,
1594 1287 1784 1359 ἐπειδὴ

87 1372 228 1427 κατά
269 1372 369 1426 τὸν
406 1374 627 1442 βόθρον
667 1375 883 1442 ἐγένετο
922 1374 1023 1429 τὸν
1063 1375 1123 1429 έν
1166 1375 1499 1445 Ἀκαδημείᾳ
1537 1376 1786 1442 (πάντως

18 1477 57 1510 15
86 1458 423 1527 γινώσκεις),
465 1461 609 1511 ἔνθα
636 1468 751 1522 τοῖς
768 1458 982 1528 ἥρωσιν
1009 1461 1068 1514 οἱ
1087 1460 1429 1529 πολέμαρχοι
1455 1457 1516 1512 τό
1544 1459 1785 1527 πάτριον

88 1543 458 1611 ἐναγίζουσιν,
509 1544 761 1597 ἐνταῦθα
806 1544 1026 1613 ἀθρόον
1063 1548 1163 1597 τοῦ
1201 1545 1524 1613 πρεσβύτου
1562 1544 1801 1635 σπαράᾌ
1875 1596 1891 1619 r„

87 1629 226 1692 ξασα
264 1629 364 1689 τὰς
401 1638 606 1696 χεῖρας,
647 1620 794 1682 ὦσεν
817 1628 1023 1699 ἑαυτήν
1053 1631 1143 1684 ἐπὶ
1171 1628 1461 1698 κεφαλήνΤ
1499 1629 1594 1683 καὶ
1618 1628 1656 1698 ἥ
1680 1622 1797 1698 μὲνί
1817 1613 1881 1706 <a
1900 1617 1916 1687 ἶ

87 1715 264 1766 ἔκειτο
304 1713 445 1781 κακή
487 1716 703 1781 κακῶς,
745 1712 774 1766 ὁ
813 1715 871 1767 δὲ
906 1713 1261 1783 Ἀρίστιππος
1299 1717 1446 1783 “ἕχω
1486 1713 1638 1783 παρὰ
1677 1718 1783 1768 σοῦ
1807 1720 1905 1788 *Alfi

87 1800 180 1851 καὶ
217 1795 326 1866 πρὸ
363 1800 477 1851 τῶν
515 1800 710 1867 νόμων
747 1798 851 1868 τὴν
884 1802 1091 1869 δίκην”
1122 1798 1297 1853 εἰπών
1322 1801 1467 1868 τότε,
1508 1803 1584 1871 τῷ
1624 1800 1780 1871 δήμῳ

18 1902 60 1936 20
90 1885 271 1937 πάντα
312 1884 389 1946 εἰς
425 1884 528 1954 τὴν
567 1883 689 1953 ἑξῆς
715 1883 1099 1953 ἀνεκοινοῦτο,
1141 1883 1235 1938 καὶ
1261 1886 1420 1954 μόλις
1446 1885 1784 1955 συγγνώμης

84 1967 269 2037 τυχών
292 1954 437 2044 {tofis
476 1973 679 2036 φίλους
717 1956 1095 2038 περιενόστει]
1098 1971 1191 2023 καὶ
1228 1974 1575 2039 γνωρίμους,
1619 1976 1673 2023 εἴ
1705 1989 1780 2040 πῃ

86 2051 175 2106 σοὶ
214 2053 466 2107 κάθοδον
506 2053 667 2122 λα’βοι
705 2050 1233 2124 πρυτανευόμενοςῖ“
1270 2055 1363 2108 καὶ
1402 2058 1577 2124 εἰμέν
1605 2076 1655 2109 τι
1683 2057 1781 2110 πέ-

85 2155 328 2206 πρακται
354 2137 588 2206 τούτων,
628 2136 733 2191 οὐκ
761 2141 864 2206 ἔχω
893 2140 1094 2205 λέγειν·
1137 2143 1325 2210 ἔφθην
1351 2139 1459 2209 γάρ
1489 2143 1680 2209 δεῦρο,
1710 2139 1782 2203 ὡς

85 2219 237 2291 ὁρᾷς,
277 2221 419 2275 κατοὶ
458 2242 510 2275 τι
551 2222 708 2291 χρέος
746 2221 879 2291 ἐμὸν
907 2227 1052 2278 ίδιον
1079 2226 1411 2288 ἐκπλεύσας.
1463 2223 1611 2294 πλὴν
1639 2218 1781 2278 ἀλλά

13 2328 57 2362 25
86 2306 190 2376 χρή
229 2322 290 2360 σε
330 2308 658 2372 προσδοκᾶν
695 2308 798 2375 τήν
836 2328 893 2361 τε
920 2309 1171 2363 κάθοδον
1199 2311 1522 2364 έπινεύσειν
1550 2309 1648 2363 τὸν
1678 2310 1779 2380 δῆ-

84 2409 209 2460 μον,
239 2390 331 2444 καὶ
356 2391 456 2445 τὸν
484 2395 695 2461 πατέρα
722 2408 811 2447 σοι
839 2393 975 2446 κατά
1002 2394 1225 2463 ζήτησιν
1252 2394 1435 2464 ἥξειν·
1475 2400 1645 2448 τοῦτο
1671 2393 1779 2463 γὰρ

86 2476 472 2544 ἐπηγγέλλετο.

189 2559 365 2613 ταῦτα
401 2580 494 2629 μοι
543 2558 572 2614 ὁ
609 2565 820 2630 Χαρίας
868 2561 1182 2633 ἀπήγγειλε.
1259 2566 1326 2618 τὰ
1376 2565 1437 2620 δὲ
1489 2563 1635 2633 ἑξῆς,
1685 2562 1777 2617 καὶ
1804 2565 1865 2617 18

85 2642 236 2707 ὅπως
273 2645 771 2717 δεῦρο-ἀφικόμην
808 2647 846 2716 ἢ
883 2650 989 2700 τίσι
1028 2650 1160 2703 ποτὲ
1201 2651 1538 2720 κεχρημένος
1565 2649 1776 2717 τύχαις,

15 2751 57 2786 30
87 2730 441 2798 μακροτέρου
480 2731 656 2784 δεῖται
695 2733 788 2784 καὶ
828 2732 995 2800 λόγου
1036 2732 1128 2786 καὶ
1165 2734 1392 2803 χρόνου.

194 2812 286 2866 καὶ
313 2812 423 2881 ἅμα
453 2814 748 2883 ἐδάκρυεν.
792 2816 1071 2886 ἐδάκρυον
1099 2819 1159 2871 δὲ
1188 2822 1276 2872 καὶ
1310 2820 1369 2870 οἱ
1393 2820 1556 2884 ξένοι,
1584 2814 1649 2867 τά
1676 2817 1779 2884 μὲν

87 2897 310 2951 ἐκείνου
349 2903 658 2969 πρόφασιν,
698 2900 886 2971 μνήμῃ
926 2903 983 2955 δὲ
1022 2906 1137 2955 τῶν
1177 2905 1338 2957 ἰδίων
1377 2903 1622 2964 ἕκαστος.
1687 2901 1779 2954 καὶ

1471 3009 1506 3036 Ο
