1916 3132
197 85 299 138 164
939 89 1175 138 ΕΚΤΟΝ

194 228 294 277 ναί
314 243 382 294 με
409 227 724 294 συμβαίνῃ,
732 224 1153 311 συμπράττειν.
1213 223 1343 279 ἀλλ’
1373 231 1491 280 ἴστε
1526 245 1639 281 που
1665 226 1758 281 καὶ
1784 226 1891 282 αὐ·-

194 311 281 362 τοὶ
317 308 541 372 πάντως
588 307 670 363 ὅτι
717 328 811 377 μοι
848 312 970 378 βίος
1009 310 1165 363 ἐστὶν
1203 310 1506 380 ἐμπορικός
1543 311 1638 364 καὶ
1674 312 1889 382 ταύτην

194 413 423 462 γεωργω
451 392 557 462 τήν
581 394 800 462 τέχνην,
839 395 934 447 καὶ
961 391 1036 458 ὥς
1062 396 1306 465 λαμπροὶ
1331 396 1562 464 ζέφυροι
1586 396 1760 450 πάλαι
1785 417 1888 450 κα-

192 480 528 541 ταπνέοντες
565 476 814 549 ἀνέῳξαν
850 479 954 546 μὲν
993 480 1070 541 εἰς
1105 482 1401 532 ναυτιλίαν
1438 478 1543 550 τὴν
1577 482 1885 552 θάλατταν,

194 563 262 618 τὰ
286 562 498 631 πλόιμα
525 563 587 616 δὲ
613 571 728 625 τοῖς
755 563 1018 631 ἐμπόροις
1045 556 1508 632 εὐαγγελίζονται.
1571 568 1670 618 καί
1689 585 1756 634 με
1782 585 1883 618 κα-
1913 582 1916 610 2

195 649 380 716 θάπερ
406 649 669 716 κήρυγμα
687 645 721 715 ἡ
742 650 900 717 χρεία
929 651 1092 701 καλεῖ
1117 647 1257 718 πρὸς
1284 647 1387 717 τὴν
1404 647 1765 718 εἰς”Ελληνας
1791 649 1886 703 ε’κ-

196 734 417 802 δημίαν.
495 733 684 784 δίκαια
721 733 921 785 τοίνυν
958 727 1030 785 ἀν
1067 742 1306 802 ποιοῖτε,
1359 735 1418 786 τί
1449 750 1584 787 ποτε
1621 733 1714 787 καὶ
1750 732 1889 804 ὑμῖν

193 816 562 886 βουλομένοις
598 817 745 884 ἐστί,
782 816 1172 885 κοινούμενοι,
1209 814 1284 880 αἷς
1317 814 1391 870 ἂν
1426 819 1517 870 καὶ
1558 815 1725 880 αὐτὸς
1748 815 1889 887 πρὸς

193 901 294 956 τὸν
319 898 592 970 ’ὑμέτερον
619 896 833 954 σκοπὸν
859 898 926 953 τά
952 899 1073 953 κατ’
1106 901 1352 969 ἐμαυτὸν
1378 902 1698 971 διαθοίμην.

135 992 165 1043 7
299 983 502 1054 μικρὸν
530 984 596 1052 δή
629 985 989 1054 ε’φησυχάσας
1012 994 1129 1047 τοῖς
1164 986 1476 1054 εἰρημένοις
1502 982 1531 1038 ὁ
1557 986 1777 1054 Καλάσι
1817 1008 1836 1040 ι
1869 1027 1885 1056 ,

193 1065 240 1124 οἷ
267 1071 639 1137 Ναυσίκλεις,
668 1072 795 1138 ἔφη,
824 1070 912 1121 σοὶ
931 1069 1036 1137 μὲν
1060 1067 1148 1121 ἐπ’
1173 1071 1376 1132 αἰσίοις
1401 1067 1431 1122 ὁ
1458 1072 1699 1133 ἔκπλους
1723 1071 1887 1125 στέλ-

194 1161 375 1224 λοιτο,
413 1154 507 1206 καὶ
534 1152 737 1222 Ἑρμῆς
769 1154 874 1221 μὲν
899 1154 1147 1223 κερδῷος
1171 1155 1469 1207 Ποσειδῶν
1495 1154 1557 1206 δὲ
1583 1151 1886 1224 ἀσφάλειος

194 1240 540 1309 σ-υνέμποροι
566 1237 659 1290 καὶ
686 1239 896 1305 πομποὶ
922 1241 1199 1307 γίνοιντο,
1238 1241 1353 1291 πᾶν
1386 1238 1491 1307 μὲν
1523 1237 1612 1291 ἐπὶ
1646 1237 1886 1308 πέλαγος

195 1324 406 1394 εὔρουν
432 1322 526 1376 καὶ
553 1319 830 1390 εὐήνεμον
857 1322 1347 1391 παραπέμποντες,
1384 1322 1568 1375 πάντα
1609 1323 1672 1377 δὲ
1707 1322 1885 1392 ὅρμον

195 1408 493 1476 εὐλίμενον
531 1408 624 1458 καὶ
662 1410 850 1459 πᾶσαν
887 1406 1055 1460 πόλιν
1094 1404 1449 1473 εὐπρόσοδον
1487 1405 1581 1459 καὶ
1606 1408 1881 1477 φιλέμπο-
1913 1425 1916 1452 ῑ

196 1513 298 1561 ρον
324 1489 761 1559 ἀποφαίνοντες,
783 1488 962 1554 οὕτως
982 1489 1125 1559 ἡμᾶς
1147 1491 1242 1543 καὶ
1262 1491 1549 1558 παρόντας
1565 1493 1886 1561 περιέποντι

194 1578 290 1631 καὶ
315 1574 539 1629 ἀπιέναι
576 1577 961 1643 βουλομένους
986 1575 1259 1644 πέμποντι
1297 1573 1390 1627 καὶ
1425 1573 1559 1638 τούς
1585 1577 1803 1640 ξενίους
1826 1595 1886 1630 τε

195 1662 288 1715 καὶ
324 1662 550 1729 φιλίους
583 1656 830 1725 θεσμοὺς
865 1657 1214 1726 ἀκριβοῦντι.
1290 1657 1415 1712 ἀλλ’
1452 1653 1587 1729 ἡμῖν
1621 1660 1885 1728 ἀλγεινὸν

194 1746 298 1814 μὲν
336 1749 468 1805 ἴσως
503 1741 566 1794 τὸ
591 1745 925 1811 χωρίζεσθαι
963 1746 1070 1795 σοῦ
1097 1762 1155 1795 τε
1193 1745 1285 1795 καὶ
1323 1745 1502 1806 οἰκίας
1526 1747 1623 1813 τῆς
1648 1748 1774 1814 σῆς,
1811 1740 1884 1814 ἢν

195 1831 345 1882 ἰδίαν
378 1825 537 1896 ἡμῶν
567 1824 830 1894 ἡγεῖσθαι
863 1828 1315 1895 παρεσκεύασας,
1355 1825 1667 1896 ἀναγκαῖον
1701 1830 1763 1883 δὲ
1789 1829 1884 1881 καὶ
1912 1840 1916 1868 ²

195 1913 576 1982 ἀπαραίτητον
614 1914 709 1979 τῆς
745 1914 860 1964 τῶν
899 1911 1184 1979 φιλτάτων
1222 1908 1569 1979 ἀνευρέσεως
1605 1915 1884 1975 παντοίως

195 1995 728 2063 ἀντιλαμβάνεσθαι.
806 1993 930 2065 ε’μοὶ
954 1995 1058 2063 μὲν
1081 1993 1259 2056 οὕτως
1295 1995 1387 2047 καὶ
1413 1999 1720 2067 Χαρικλείᾳ
1743 1996 1882 2050 ταύ-

194 2100 286 2151 τῃ·
316 2080 586 2153 Κνήμωνι
612 2080 673 2131 δὲ
699 2081 781 2140 τίς
805 2097 940 2132 ποτε
965 2076 998 2148 ἡ
1023 2081 1219 2148 γνώμη
1235 2120 1250 2147 ,
1278 2081 1372 2131 καὶ
1398 2084 1508 2132 εἴτε
1534 2079 1882 2148 συναλητεύ-

197 2186 281 2219 ειν
314 2163 449 2233 ἡμῖν
485 2161 580 2216 καὶ
618 2164 941 2232 χαρίζεσθαι
974 2163 1192 2232 ἕτοιμος
1227 2168 1336 2216 εἴτε
1364 2162 1507 2233 ἄλλῃ
1545 2182 1622 2234 πῃ
1649 2164 1880 2232 διέγνω-

195 2269 312 2316 κεν,
341 2246 509 2310 αὐτὸς
534 2245 608 2299 ὄίν
646 2248 796 2315 λέγοι
831 2246 1044 2314 παρών.
1109 2250 1455 2315 βουλόμενος
1481 2247 1547 2315 δή
1577 2246 1606 2300 ὁ
1632 2250 1881 2319 Κνήμων
1909 2258 1916 2288 ²

196 2332 335 2402 πρὸς
358 2335 532 2386 ταῦτα
558 2329 996 2400 ἀποκρίνεσθαι,
1023 2329 1115 2383 καὶ
1141 2333 1360 2399 μέλλων
1378 2350 1429 2383 τι
1455 2330 1563 2400 ἤδη
1581 2333 1675 2383 καὶ
1700 2330 1880 2400 φθέγ-

193 2424 423 2487 γεσθαι,
460 2415 624 2479 ἔλυξέ
642 2435 701 2468 τε
736 2416 1043 2483 αἰφνίδιον,
1079 2414 1172 2468 καὶ
1208 2412 1424 2483 ἀθρόον
1451 2412 1602 2485 αὐτῷ
1628 2415 1881 2483 δάκρυον

194 2499 412 2571 θερμὸν
458 2500 750 2568 προχυθὲν
798 2499 1116 2567 ἐπεστόμιζε
1155 2498 1259 2568 τὴν
1304 2502 1577 2567 γλῶτταν,
1628 2499 1730 2561 ἕως
1778 2497 1883 2562 ὀψέ

195 2604 329 2639 ποτε
365 2585 427 2639 τὸ
469 2587 690 2651 πνεῦμα
716 2583 1122 2651 συλλεξάμενος
1145 2585 1238 2635 καὶ
1265 2583 1657 2650 ε’πιστενάξας,
1696 2573 1741 2635 ὦ
1765 2582 1878 2636 πά·-

196 2685 323 2738 σης,
362 2671 496 2737 ἔφη,
533 2670 745 2736 τροπῆς
778 2667 1095 2735 ἀνάμεστον
1131 2667 1223 2719 καὶ
1250 2664 1742 2734 ἀσταθμητότατον
1777 2663 1878 2718 τύ-
1906 2677 1916 2714 2

193 2773 292 2822 χης
316 2751 679 2820 ἀνθρωπίνης
704 2754 938 2820 κίνημα,
966 2749 1104 2819 ὅσην
1129 2752 1467 2818 παλίρροιαν
1492 2753 1680 2803 κακῶν
1707 2750 1804 2803 ἐπί
1818 2768 1878 2808 τε

194 2836 386 2890 ἄλλων
412 2837 479 2905 δή
510 2835 1031 2898 πολλώνπολλάκις
1056 2836 1150 2887 καὶ
1186 2833 1309 2886 κατ’
1339 2833 1472 2902 ἐμοῦ
1511 2835 1878 2902 πεφιλοτίμη-
