1916 3132
197 133 306 185 214
883 131 1047 176 LIBRI
1078 131 1207 176 VIIII

67 308 74 315 f
119 308 160 324 ,Ὃ
196 272 325 308 uoce
365 254 526 307 etiam
564 253 861 331 perfectum
894 252 1058 306 edidit
1089 252 1312 323 pullum,
1352 253 1444 323 qui
1474 256 1700 307 matrem
1731 272 1883 309 suam

197 328 372 413 coepit
397 319 666 381 continuo
685 328 941 380 comitari.
1003 326 1281 380 XXXIIII.
1321 346 1417 380 nec
1442 346 1504 381 eo
1528 328 1694 382 setius
1724 329 1883 400 longe

195 403 367 455 maius
409 405 678 455 ostentum
719 405 772 454 et
805 402 948 486 quod
979 420 1160 455 omnes
1197 402 1390 454 merito
1421 402 1884 471 perhorrescerent

196 477 449 535 exoritur.
513 476 611 528 sub
652 477 769 545 ipsa
808 476 948 529 enim
987 495 1184 560 mensa,
1205 495 1358 556 quae
1390 476 1642 546 reliquias
1673 478 1884 546 prandii

199 551 431 634 gerebat,
485 553 628 603 terra
682 550 957 604 dehiscens
1011 536 1241 603 imitus
1250 550 1612 620 largissimum
1665 552 1883 606 emicuit

198 625 472 695 sanguinis
519 624 724 678 fontem.
801 624 927 678 hinc
972 625 1291 678 resultantes
1337 625 1652 678 uberrumae
1699 628 1884 695 guttae

195 718 433 753 mensam
489 718 674 752 cruore
728 703 1095 769 perspergunt.
1173 700 1396 768 ipsoque
1450 699 1543 752 illo
1598 703 1884 771 momentO,

198 793 307 858 quo
345 777 561 842 stupore
603 774 763 826 defixi
809 774 1072 827 mirantur
1112 792 1171 826 ac
1211 773 1480 872 trepidant
1518 774 1700 827 diuina
1736 793 1882 844 prae·

196 849 365 932 sagia‚
417 848 685 901 concurrit
731 866 869 900 unus
920 867 946 900 e
995 842 1130 900 cella
1172 840 1380 899 uinaria
1410 844 1676 901 nuntians
1727 867 1883 903 omne

195 923 404 992 uinum,
452 922 595 991 quod
635 922 762 974 olim
803 922 1056 974 diffusum
1094 921 1290 990 fuerat,
1337 922 1391 974 in
1440 923 1686 976 omnibus
1726 923 1916 977 doliis]

195 997 426 1050 feruenti
466 997 638 1050 calore
677 1000 730 1049 et
776 1015 995 1065 prorsus
1035 999 1096 1048 ut
1135 995 1259 1065 igne
1298 995 1514 1064 copioso
1554 996 1767 1050 subdito
1805 1015 1882 1051 re-

197 1071 433 1124 bullire.-
467 1071 614 1124 uisae
653 1071 856 1123 interea
886 1069 1339 1123 mustelae7‘etiam
1370 1073 1643 1122 mortuum
1674 1089 1882 1140 serpen·

196 1150 305 1199 tem
343 1145 638 1198 forinsecus
676 1145 946 1197 mordicus
987 1143 1341 1213 adtrahentes‚
1384 1147 1438 1196 et
1477 1144 1540 1196 de
1580 1163 1670 1197 ore
1707 1148 1882 1214 pasto-

195 1220 313 1273 ricii
364 1220 508 1272 canis
559 1220 739 1272 uirens
790 1219 963 1272 exiliit
1008 1218 1196 1271 ranula
1241 1219 1521 1288 ipsumque
1562 1237 1744 1272 canem
1790 1220 1884 1290 qui

198 1295 475 1364 proximus
539 1294 864 1347 consistebat
926 1293 1060 1346 aries
1124 1293 1419 1361 adpetitum
1481 1293 1638 1346 unico
1699 1311 1916 1348 morsu]

198 1368 569 1439 strangulauit
643 1368 773 1421 haec
811 1370 894 1420 tot
933 1386 992 1420 ac
1031 1367 1160 1420 talia
1198 1367 1404 1436 ingenti
1442 1385 1639 1435 pauore
1680 1367 1882 1422 domini

198 1443 343 1495 illius
384 1446 437 1496 et
482 1442 716 1495 familiae
763 1442 930 1495 totius
978 1442 1044 1494 ad
1090 1444 1388 1495 extremum
1435 1444 1707 1510 stuporem
1747 1429 1894 1496 deig-

199 1520 378 1570 cerant
402 1517 642 1591 1111111103,ι
637 1516 792 1586 quid
823 1516 971 1585 prius
1005 1516 1201 1585 quidue
1232 1516 1514 1584 posteriUS‚
1552 1515 1681 1599 quid
1709 1516 1882 1570 maius

197 1591 325 1660 quid
362 1578 555 1659 niinus²
594 1592 873 1643 numinum
915 1590 1221 1643 caelestium
1254 1590 1513 1642 leniendis
1551 1590 1711 1642 minis
1750 1593 1884 1675 quot

198 1669 252 1718 et
291 1665 539 1734 qualibus
578 1668 954 1733 procuraretur
983 1664 1191 1717 hostiis
1253 1663 1471 1717 XXXV.
1513 1663 1684 1717 adhuc
1715 1664 1879 1717 omni·
1904 1682 1916 1714 1

198 1740 298 1791 bus
324 1739 690 1807 expectatione
714 1739 1049 1791 taeterrimae
1073 1738 1376 1791 formidinis
1401 1738 1628 1807 torpidis
1653 1738 1881 1792 accurrit

198 1813 414 1882 quidam
455 1813 527 1882 [p.
548 1812 771 1881 176.E.]
813 1812 1057 1865 seruulus
1104 1829 1326 1881 magnas
1366 1815 1420 1865 et
1457 1814 1637 1880 postre
1696 1831 1752 1864 as
1793 1812 1880 1866 do-

195 1887 341 1940 mino
382 1887 461 1939 illi
499 1887 787 1939 fundorum
827 1886 999 1939 clades
1040 1885 1372 1938 adnuntians.
1442 1904 1671 1955 namque
1709 1887 1755 1938 is
1795 1885 1880 1938 ad—

198 1961 327 2014 ultis
360 1962 465 2014 iam
498 1961 670 2013 tribus
701 1960 885 2013 liberis
918 1959 1159 2012 doctrina
1182 1959 1458 2011 instructis
1484 1962 1538 2011 et
1560 1959 1880 2012 uerecundia

195 2036 452 2104 praeditis
503 2035 722 2088 uiuebat
777 2034 1056 2104 gloriosus
1146 2033 1231 2084 his
1288 2032 1712 2085 adulescentibus
1767 2035 1916 2086 erat}

197 2127 317 2162 cum
365 2110 594 2178 quodam
643 2127 874 2191 paupere
919 2108 1157 2160 modicae
1204 2106 1411 2159 casulae
1458 2106 1672 2159 domino
1723 2110 1880 2161 uetus

197 2183 548 2236 familiaritas
642 2187 696 2236 at
750 2183 891 2235 enim
954 2181 1160 2235 casulae
1214 2180 1466 2250 paruulae
1521 2181 1880 2234 conterminos

196 2275 419 2326 magnos
459 2261 512 2310 et
550 2258 734 2310 beatos
783 2274 938 2309 aoros
985 2254 1290 2324 possidebat
1336 2254 1544 2306 uicinus
1591 2246 1882 2324 potenth

316 2481 355 2519 5.
376 2481 400 2519 6
440 2476 566 2520 terra
606 2475 850 2520 dehiscens
865 2473 1250 2532 —largissimum
1289 2473 1741 2518 emicuit—fontem
1779 2473 1876 2518 Pet.

202 2566 259 2620 cf.
295 2569 393 2608 206.
420 2569 476 2608 30
531 2564 740 2608 deiscens
772 2564 807 2607 F
864 2563 1131 2608 dehiscente
1163 2561 1213 2605 Ε.
1263 2544 1531 2619 largissimd
1561 2562 1620 2605 F¹
1671 2560 1879 2618 largissi-

203 2638 306 2667 mus
337 2623 480 2680 F²qa3
520 2622 623 2667 fons
656 2623 776 2680 Ὲφδ
807 2625 875 2681 (in
906 2623 940 2666 F
975 2638 994 2666 s
1026 2624 1078 2666 in
1100 2635 1190 2666 ras.
1222 2636 1304 2666 scr.
1330 2637 1386 2666 m.
1419 2623 1474 2678 r.)
1597 2625 1649 2664 12
1681 2619 1879 2680 mustele

199 2712 248 2771 ll]
277 2694 372 2756 etia
402 2711 462 2755 F²
513 2693 664 2756 muste
703 2693 860 2756 letitia
891 2729 926 2768 φ
959 2717 1001 2756 et
1031 2710 1090 2754 F¹
1240 2715 1294 2753 13
1335 2709 1570 2754 adtraetes
1601 2709 1637 2752 F
1675 2710 1790 2765 (etos
1829 2708 1882 2752 in

201 2786 291 2816 ras,
323 2785 406 2816 scr.
438 2786 495 2816 m.
527 2773 583 2827 r.)
626 2771 878 2815 adtrahens
911 2788 945 2826 φ
981 2771 1049 2827 (in
1078 2783 1134 2813 m.
1161 2783 1197 2812 c.
1232 2769 1550 2825 adtrahentes)
1644 2772 1698 2811 16
1731 2769 1882 2812 stran-

202 2829 388 2887 gulauit
418 2832 487 2887 (in
517 2830 552 2874 F
585 2832 627 2873 st
658 2831 710 2874 in
739 2844 833 2922 msl
861 2844 943 2874 scr.
977 2844 1033 2873 m.
1065 2829 1120 2884 r)
1222 2833 1275 2871 18
1307 2826 1456 2871 maius
1489 2844 1524 2884 φ
1563 2825 1714 2884 magis
1745 2824 1880 2870 ME.

792 2900 817 2922 u
835 2900 854 2922 e

204 2937 257 2976 19
291 2933 429 2977 nimis
461 2951 495 2990 φ
619 2938 671 2976 27
705 2933 916 2989 paruitas
950 2950 984 2988 φ
