1916 3132
793 141 1170 189 AEYTEPON
1761 141 1827 194 61

132 279 244 351 ἅμα
283 280 620 348 ἐδάκρυσεν,
660 276 849 347 ὥσπερ
888 276 1084 345 ἑτέραν
1122 276 1315 342 αὐτοῖς
1340 279 1599 348 σπονδὴν
1628 281 1830 350 ἐπιφέ-

131 383 249 434 ρων
273 361 405 427 τούς
429 362 701 432 θρήνους.
767 360 944 430 ἐπάγη
972 361 1113 431 πρὸς
1137 362 1241 433 τὴν
1266 362 1447 434 ἀκοὴν
1471 368 1586 417 τῶν
1622 362 1823 434 ὀνομά-

130 468 243 502 των
280 445 310 502 ὁ
346 447 615 517 Κνήμων,
656 445 775 502 ἄνω
814 467 873 500 τε
913 447 1005 500 καὶ
1033 447 1182 501 κάτω
1223 446 1325 502 τὸν
1351 449 1677 519 πρεσβύτην
1703 450 1831 502 ε’πι-

129 533 426 602 θεωρήσας
462 536 520 586 τί
554 532 731 600 λέγεις
768 534 903 602 ἔφη·
945 532 1138 594 παῖδές
1166 534 1277 586 εἰσί
1312 549 1401 586 σοι
1427 537 1505 606 τῷ
1532 532 1654 587 ὄντι
1684 539 1826 587 Θεα·

77 636 99 670 5
130 619 296 687 γένης
321 618 413 671 καὶ
441 620 776 687 Χαρίκλεια;
818 617 1043 685 παῖδες,
1082 612 1261 686 εἶπεν,
1292 611 1337 671 ὦ
1364 617 1518 687 ξένε,
1557 618 1831 688 ἀμήτορες

129 701 251 772 ἐμοὶ
275 703 595 771 γεγονότες·
635 702 772 772 τύχῃ
810 702 918 769 γάρ
954 721 1065 769 μου
1099 701 1227 755 θεοὶ
1254 703 1490 766 τούτους
1515 702 1826 771 ἀνέδειξαν,

128 788 223 840 καὶ
249 785 524 841 ἀπέτεκον
546 787 608 839 αὖ
629 790 810 855 ψυχῆς
829 784 1030 850 ὠδῖνες
1046 828 1060 855 ,
1090 787 1183 840 καὶ
1206 788 1380 856 φύσις
1403 786 1436 858 ἡ
1459 789 1715 852 διάθεσις
1737 786 1823 842 ἐπ’

125 870 316 935 αὐτοῖς
342 874 647 942 ἐνομίσθη,
686 869 790 946 καὶ,
806 863 1112 942 πατέρα”με
1139 870 1248 926 ἀπὸ
1273 874 1476 943 ταύτης
1503 873 1708 927 ἐκεῖνοι
1736 874 1830 927 καὶ

126 956 399 1025 ἐνόμισαν
435 956 529 1010 καὶ
565 953 887 1028 ω’νόμασαν.
949 955 1093 1011 ἀλλὰ
1129 959 1201 1012 σὺ
1239 957 1307 1029 δὴ
1336 958 1540 1026 πόθεν,
1571 960 1690 1012 εἰπέ
1713 979 1826 1028 μοι,

15 1047 97 1092 ²10
125 1042 362 1104 τούτους
398 1042 734 1112 ἐγνώρισαςς
776 1041 881 1095 ούκ
920 1044 1204 1111 ἐγνώρισα
1238 1040 1437 1113 μόνον,
1476 1047 1584 1114 ἔφη
1613 1042 1641 1097 ὁ
1675 1044 1827 1113 Κνή-

125 1146 276 1195 μων,
325 1124 469 1180 ἀλλά
515 1128 609 1180 καὶ
658 1127 942 1193 σώζεσθαί
992 1143 1082 1181 σοι
1129 1127 1338 1192 αὐτούς
1389 1126 1825 1197 εὐαγγελίζομαι.

125 1209 431 1281 ”Λπολλον,
459 1214 566 1281 ἔφη
588 1210 935 1281 ἀναβοήσας,
965 1213 1059 1266 καὶ
1083 1219 1236 1283 θεοί,
1265 1216 1359 1268 καὶ
1377 1218 1487 1267 ποῦ
1513 1216 1614 1284 γῆς
1640 1206 1823 1278 οὖτοι;

126 1298 377 1350 δείκνυε·
439 1297 665 1365 σωτῆρά
715 1310 777 1350 σε
822 1297 915 1350 καὶ
963 1303 1121 1361 θεοῖς
1160 1301 1486 1354 ἰσοστάσιον
1526 1297 1823 1370 ἡγήσομαι.

124 1379 329 1449 μισθὸς
367 1380 432 1434 δέ
463 1402 558 1451 μοι
595 1384 678 1444 τίς
719 1383 905 1451 ε”σται;
948 1385 1072 1451 ἔφη.
1137 1385 1198 1437 τὸ
1238 1384 1342 1453 μὲν
1369 1385 1571 1453 παρόν,
1600 1376 1632 1454 ἧ
1662 1382 1715 1436 δ’
1745 1381 1825 1450 ὅς,

55 1481 97 1514 15
129 1463 468 1535 εὐχαριστία.
529 1467 729 1530 ξενίων
757 1468 836 1535 δέ,
865 1463 1037 1535 οἶμαι,
1065 1466 1127 1521 τὸ
1155 1469 1461 1523 κάλλιστον
1487 1467 1657 1536 ἀνδρὶ
1681 1472 1828 1522 νοῦν

124 1553 335 1619 ἔχοντι,
375 1551 468 1604 καὶ
505 1546 630 1602 οἶδα
666 1549 912 1614 πολλοὺς
947 1549 1021 1616 ὥς
1046 1551 1345 1623 θησαυρὸν
1371 1558 1438 1624 τῇ
1465 1557 1620 1624 ψυχῇ
1644 1572 1822 1620 παρα-

125 1634 404 1703 θεμένους
428 1633 491 1688 τὸ
518 1636 721 1705 δῶρον.
780 1638 831 1688 εί
853 1638 914 1689 δὲ
941 1637 1034 1691 καὶ
1070 1643 1166 1707 τῆς
1203 1638 1827 1709 ἐνεγκούσηςέπιβαίη-

123 1740 229 1790 μεν
257 1722 511 1787 (ἔσεσθαι
538 1721 601 1772 δέ
630 1740 725 1789 μοι
760 1725 927 1775 τοῦτο
965 1722 1069 1776 ούκ
1100 1725 1177 1786 είς
1202 1723 1426 1792 μακρὰν
1453 1726 1513 1778 οί
1530 1725 1659 1777 θεοὶ
1685 1742 1824 1793 προ-

126 1807 542 1874 σημαίνουσιν),
571 1802 754 1876 ἀρύσῃ
783 1809 1034 1861 πλοῦτον
1062 1806 1199 1862 ὅσον
1219 1807 1290 1862 ἀν
1312 1810 1514 1863 δύναιο
1542 1813 1823 1862 πλεῖστον.

53 1904 96 1937 20
124 1890 430 1958 μέλλοντα,
459 1885 606 1959 εἷπε,
634 1891 727 1943 καὶ
754 1889 934 1959 ἄδηλα
961 1896 1299 1964 κατεγγυᾷς,
1331 1892 1457 1958 ἐξὸν
1486 1893 1548 1947 ἐκ
1573 1898 1688 1947 τῶν
1716 1912 1819 1945 πα-

125 1973 345 2042 ρόντων
382 1972 732 2043 ἀμείβεσθαι.
799 1976 1134 2046 ε’πάγγελλε,
1175 1983 1301 2032 εἴτι
1329 1979 1515 2048 παρὸν
1542 1978 1703 2049 ὁρᾷς·
1745 1975 1821 2040 ὥς

123 2057 341 2127 ἕτοιμος
369 2057 476 2126 ἐγώ
505 2060 598 2112 καὶ
623 2061 788 2128 μέρος
813 2080 865 2113 τι
892 2063 1171 2128 προέσθαι
1197 2065 1296 2115 τοῦ
1322 2065 1595 2133 σώματος.
1649 2062 1821 2117 οὐδὲν

124 2143 214 2196 δεῖ
234 2144 398 2211 μέλος
423 2141 879 2214 ἀκρωτηριάζειν,
917 2145 1041 2198 ἀλλ’
1071 2146 1221 2201 ἅπαν
1257 2151 1406 2218 ἔχειν
1431 2148 1737 2220 ἡγήσομαι,
1776 2149 1826 2202 εί

123 2226 360 2290 τούτους
396 2226 612 2282 ὁπόθεν
640 2228 784 2283 εἰσὶν
811 2227 846 2298 ἦ
875 2231 938 2284 ἐκ
966 2234 1138 2286 τίνων
1166 2233 1404 2303 φύντες,
1442 2230 1479 2303 ἢ
1505 2237 1621 2297 πῶς
1648 2236 1822 2302 δεῦρο

51 2327 94 2362 25
124 2309 423 2380 ἀφιγμένοι
471 2315 564 2366 καὶ
610 2318 795 2376 ποίαις
832 2316 1162 2386 κεχρημένοι
1207 2320 1430 2388 τύχαις,
1482 2323 1825 2389 βουληθείης

125 2394 504 2464 ἐξαγορεύειν.
564 2399 720 2468 ἕξεις,
749 2397 1111 2469 ἀπεκρίνατο,
1140 2405 1240 2457 τὸν
1261 2403 1472 2471 μισθὸν
1493 2405 1670 2474 μέγαν
1696 2401 1821 2456 τινὰ

123 2482 218 2535 καὶ
256 2480 360 2551 οὐχ
398 2475 523 2536 οἷον
560 2482 756 2552 ἄλλον,
799 2483 924 2538 οὐδ’
953 2488 1004 2538 εί
1039 2484 1104 2540 τὰ
1135 2489 1191 2552 ἐξ
1219 2487 1545 2558 ἀνθρώπων
1572 2490 1822 2558 χρήματα

125 2567 300 2619 αἰτῶν
337 2568 669 2636 ἐτύγχανες]
719 2568 863 2622 ἀλλά
902 2570 964 2623 τὸ
991 2570 1175 2639 παρὸν
1202 2579 1417 2643 τροφῆς
1455 2572 1649 2641 ὀλίγον
1676 2571 1821 2626 ἀπο-

26 2722 27 2728 ¹
124 2650 451 2718 γενώμεθα·
491 2654 840 2722 μακροτέρας
864 2653 984 2723 γάρ
1023 2657 1212 2726 δεήσει
1252 2661 1348 2711 σοί
1379 2678 1438 2712 τε
1476 2661 1572 2727 τῆς
1607 2657 1818 2727 ἀκροά-

23 2744 98 2803 ζ,30
123 2747 261 2802 Ισεως
299 2734 427 2803 ἐμοί
457 2756 515 2789 τε
552 2740 649 2806 τῆς
686 2736 1032 2808 ἀφηγήσεως.

236 2820 602 2890 ε’ντραγόντες
640 2816 747 2875 οὖν
785 2828 899 2876 τῶν
937 2845 996 2878 τε
1035 2827 1265 2894 καρύων
1300 2827 1394 2880 καὶ
1433 2828 1624 2881 σύκων
1663 2824 1819 2892 ἀρτι-

29 2969 37 2974 a
127 2904 355 2973 δρεπῶν
391 2925 450 2958 τε
490 2911 768 2975 φοινίκων
807 2907 900 2961 καὶ
939 2907 1127 2963 ἄλλων
1165 2912 1233 2981 δὴ
1274 2911 1565 2978 τοιούτων,
1607 2907 1707 2978 ἀφ’
1738 2901 1819 2961 ὦν
1866 2943 1869 2948 -
