1916 3132
123 107 194 159 60
787 112 880 158 ΔΕ
888 112 1166 160 YTEPON

125 244 301 310 αὐλὰς
325 245 557 316 ἥκομεν,
597 241 643 300 ὦ
668 247 870 317 πάτερ·
911 246 1092 311 οὕτως
1125 242 1555 319 ἀπροφάσιστος*
1583 246 1617 318 ἡ
1645 255 1824 319 θερα-

124 335 271 398 πεία,
300 333 391 385 καὶ
420 330 566 386 πολὺ
591 330 654 385 τὸ
683 329 892 385 εὔνουν
917 336 1015 401 τῆς
1040 353 1263 402 γνωμης
1290 333 1664 403 ἐμφαίνουσα.
1715 333 1822 389 οὐκ

126 417 205 478 εἰς
229 417 396 485 Διός,
433 419 571 486 ἔφη,
611 415 734 469 ἀλλ’
765 419 842 480 εἰς
877 415 1085 487 ἀνδρος
1110 421 1222 471 Δία
1248 416 1348 472 τὸν
1375 419 1560 482 ξένιον
1585 419 1678 472 καὶ
1706 421 1820 474 ἱκέ-

125 515 251 554 σιον
286 499 681 569 ἀκριβοῦντος.
725 503 848 569 βίος
879 503 990 570 γὰρ
1019 501 1060 554 ῶ
1089 512 1194 555 παῖ
1214 501 1455 574 κάκείνῳ
1489 505 1701 566 πλάνος
1727 505 1821 557 καὶ

125 588 394 654 ἔμπορος,
434 585 526 638 καὶ
561 586 763 639 πολλαὶ
798 588 902 653 μέν
938 587 1000 638 οῖ
1026 589 1219 649 πόλεις
1244 558 1472 640 πολλῶν
1500 588 1560 640 δὲ
1587 586 1871 658 ἀνθρώ-5

125 689 250 722 πων
287 669 401 739 ἤθη
428 691 487 724 τε
523 672 614 722 καὶ
642 673 775 732 νοῦς
803 672 879 732 εἰς
905 680 1107 740 πεῖραν
1133 670 1415 741 ἤκουσαν·
1469 671 1624 740 ὅθεν,
1661 671 1738 737 ὠς
1761 672 1824 726 τὸ

126 753 298 822 εἰκός,
339 752 546 817 ἄλλους
582 774 641 807 τε
679 752 820 823 κάμὲ
859 753 928 807 οὐ
967 753 1075 823 πρὸ
1117 759 1345 810 πολλῶν
1382 758 1562 810 τῶνδε
1594 756 1822 827 ἡμερῶν

123 836 369 892 ἀλύοντα
408 841 499 892 καὶ
539 837 911 907 πλανώμενον
959 837 1288 909 ὁμωρόφιον
1330 841 1649 910 ἐποιήσατο.
1727 844 1823 896 καὶ

123 926 205 985 τίς
229 917 303 992 ἦν
328 922 361 992 ἡ
389 923 571 993 πλάνη
588 965 602 992 ,
630 918 678 976 ὦ
703 925 898 993 πάτερ,
924 922 997 993 ἣν
1019 926 1219 993 λέγεις;
1259 926 1496 994 παίδων,
1526 929 1653 996 ἔφη,
1681 925 1821 994 πρὸς

123 1012 348 1078 λῃστῶν
369 1006 719 1077 ἀφαιρεθείς,
747 1008 840 1061 καὶ
860 1006 993 1072 τούς
1011 1010 1115 1077 μὲν
1141 1007 1481 1072 ἀδικοῦντας
1504 1011 1820 1079 γινώσκων,
1853 1034 1895 1067 10

128 1093 413 1161 ἐπαμῦναι
453 1095 514 1146 δὲ
554 1091 659 1146 οὐκ
698 1096 871 1162 ἔχων,
924 1095 1178 1162 είλοῦμαι
1218 1095 1343 1164 περὶ
1382 1092 1482 1147 τὸν
1519 1095 1694 1148 τόπον
1731 1096 1825 1148 καὶ

124 1180 363 1245 θρήνοις
390 1180 740 1247 παραπέμπω
767 1177 829 1231 τὸ
867 1179 1076 1246 πάθος,
1114 1175 1305 1246 ῶσπερ
1342 1175 1501 1248 οἶμαί
1529 1199 1612 1242 τις
1647 1177 1822 1248 ὅρνις,

95 1243 310 1364 ἴόφεως
347 1261 519 1331 αὐτῆς
557 1260 661 1331 τὴν
696 1262 900 1315 καλιάν
935 1248 1314 1332 πορθοῦντος
1312 1265 1382 1325 ἐν
1408 1260 1727 1332 ὀφθαλμοῖς
1764 1284 1823 1317 τε

123 1348 228 1414 τήν
254 1345 432 1415 γονὴν
458 1345 844 1416 θοινωμένου,
848 1351 1216 1416 προσελθεῖν
1242 1349 1345 1417 μὲν
1372 1346 1553 1416 ὀκνεῖ,
1583 1348 1820 1416 φεύγειν

125 1432 187 1485 δὲ
216 1430 283 1484 οὐ
311 1433 495 1500 φέρει·
539 1431 723 1493 πόθος
756 1375 867 1500 2²⁰ny
906 1433 970 1485 ἐν
1007 1430 1151 1501 αὐτῇ
1179 1434 1272 1486 καὶ
1299 1434 1482 1496 πάθος
1507 1431 1821 1500 ἀνταγωνί-
1853 1455 1896 1487 15

60 1553 64 1557 -
125 1520 298 1582 ζεται·
361 1526 650 1584 τετριγυῖα
700 1517 760 1568 δὲ
799 1519 1163 1586 περιποτᾶται
1201 1515 1307 1586 τήν
1345 1520 1696 1586 πολιορκίαν,
1747 1518 1826 1580 εἰς

125 1592 237 1653 ὦτα
278 1598 558 1670 ἀνήμερα,
608 1602 702 1653 καὶ
741 1593 825 1662 οἷς
862 1604 1022 1654 ἔλεον
1065 1600 1168 1654 οὐκ
1211 1601 1522 1670 ε’γνσόρισεν
1559 1599 1592 1671 ἡ
1634 1602 1823 1670 φύσις,

124 1682 412 1755 ἀνήνυτον
453 1685 743 1753 ἱκετηρίαν
781 1683 882 1737 τὸν
906 1689 1166 1756 μητρῷον
1193 1687 1560 1754 προσάγουσα
1585 1691 1822 1756 θρῆνον.

125 1764 236 1870 ἀρα
267 1763 372 1821 οὗν
399 1768 472 1822 ἀν
500 1769 746 1835 ἐθέλοις,
785 1772 892 1837 ἔφη
921 1766 949 1821 ὁ
974 1771 1243 1838 Κνήμων,
1282 1770 1375 1822 καὶ
1402 1769 1551 1832 ὅπως
1575 1769 1668 1823 καὶ
1694 1772 1826 1825 πότε

125 1853 227 1908 τὸν
254 1852 441 1922 βαρὺν
467 1856 669 1906 τοῦτον
694 1850 933 1956 ὑπέστης
959 1854 1205 1921 πόλεμον
1234 1853 1497 1918 ἐξειπεῖν;
1547 1857 1823 1924 εἰσαῦθις,
1854 1875 1898 1908 20

125 1942 258 2007 εφη·
308 1942 418 1991 νῦν
455 1938 515 1989 δὲ
555 1935 671 2005 ῶρα
706 1939 800 1990 καὶ
836 1938 956 2007 τῂΥ
958 1934 1216 2033 Υαστέρα
1253 1938 1616 2007 θεραπεύειν,
1657 1935 1729 2008 ἣν
1767 1939 1824 2003 ἐς

123 2024 257 2075 τάδε
283 2020 626 2076 ἀποσκοπῶν
637 2021 906 2091 Ὅμηρος,
944 2043 1038 2075 και
1065 2042 1137 2129 ως
1145 2005 1355 2076 πάντα
1382 2024 1620 2092 δεύτερα
1647 2022 1818 2092 αὐτῆς

129 2117 395 2173 ποιεῖται,
435 2105 1106 2195 θαυμασίωςὋύλρμένην
1105 2096 1439 2175 >ωνόμασεν.
1497 2105 1640 2160 ἀλλά
1667 2112 1821 2178 πρῶ-

126 2211 226 2244 τον
263 2189 425 2260 ἡμῖν,
481 2188 554 2253 ῶς
592 2192 762 2260 νόμος
747 2168 1128 2259 Αἰγυπτίων
1167 2201 1391 2260 σοφοῖς,
1435 2191 1716 2245 ἐσπείσθω
1756 2193 1823 2246 τὰ

129 2273 269 2342 πρὸς
305 2274 437 2336 τοῦς
472 2274 794 2338 θεούς.οὐ
831 2296 938 2344 γαρ
966 2276 1035 2345 δή
1074 2295 1141 2344 με
1179 2274 1464 2330 καὶτοῦτο
1503 2274 1819 2347 ὑπερβῆναι
1851 2296 1893 2328 25

121 2363 337 2413 πείσει·
378 2357 449 2428 μὴ
489 2358 634 2412 οὕτω
675 2359 806 2413 ποτὲ
846 2359 1028 2421 πάθος
1063 2360 1345 2428 ίσχύσειεν
1372 2358 1446 2422 ὡς
1469 2362 1695 2430 μνήμην
1720 2361 1823 2432 τὴν

125 2447 202 2507 εἰς
234 2442 294 2497 τό
337 2449 501 2496 θεῖον
539 2443 819 2511 ἐκπλῆξαι.

35 2528 105 2581 23
233 2528 327 2580 καὶ
353 2531 527 2580 ταῦτα
557 2526 731 2580 εἰπών
757 2526 946 2596 ἀπέχει
966 2533 1064 2596 τῆς
1090 2528 1295 2597 φιάλης
1315 2527 1560 2598 ἄκρατον
1585 2529 1647 2582 τὸ
1666 2528 1820 2599 ὕδωρ

125 2616 313 2680 (τοῦτο
352 2611 458 2680 γὰρ
498 2615 712 2680 ἔπινεν)
753 2613 845 2664 καὶ
864 2609 1232 2680 Ἣπένδωμεν)
1251 2615 1406 2680 ἔλεγε
1423 2603 1597 2675 Ἦεοῖς
1647 2612 1821 2682 ε’γχω-

126 2699 266 2765 ρίοις
290 2715 349 2749 τε
385 2698 479 2749 καὶ
497 2693 804 2764 Ἑλληνίοις
815 2737 831 2764 ,
871 2695 964 2749 καὶ
1001 2694 1150 2767 αὐτῷ
1186 2716 1249 2764 γε
1280 2695 1588 2749 Ἀπόλλωνι
1614 2700 1820 2766 Πυθίῳ
1848 2714 1892 2748 30

124 2783 219 2834 καὶ
257 2782 484 2850 προσέτι
513 2780 783 2848 Θεαγένειί
813 2779 911 2832 καὶ
938 2784 1241 2850 Χαρικλείᾳ
1273 2790 1387 2842 τοῖς
1421 2784 1616 2843 καλοῖς
1641 2801 1700 2834 τε
1725 2783 1819 2834 καὶ

124 2863 390 2934 ἀγαθοῖς,
433 2862 623 2934 ἐπειδὴ
653 2868 745 2919 καὶ
771 2865 1009 2933 τούτους
1036 2867 1111 2928 εἰς
1135 2865 1308 2926 θεοὺς
1335 2852 1665 2935 ἀναγράφω).
1721 2866 1816 2918 καὶ
