1916 3132
751 130 1052 179 ΕΝΛΤΟΝ
1140 75 1295 152 ³7⁸*
1312 95 1522 149 ww*
1550 95 1591 106 ’
1662 127 1770 181 255

62 220 846 406 &patvsssvaxffiv'uvffim
875 264 1046 337 οἶμαι,
1085 265 1316 334 ἀνδρῶν
1341 265 1436 320 καὶ
1472 267 1768 335 θεολόγων

65 353 206 424 πρὸς
229 355 335 423 μὲν
404 351 502 417 οὓς
537 342 1514 432 βεβήλουςᾉῴγαατεσπαρμένας
1547 352 1768 414 τούτοις

24 435 336 533 ὁμονοίας
381 436 453 508 μή
504 438 1058 508 παραγυμνούντων,
1107 434 1235 490 ἀλλ’
1277 437 1341 491 ἐν
1389 437 1527 490 εἴδει
1574 436 1767 506 μύθου

65 504 594 592 πρόκατηχούνῆων,
634 520 767 585 τοὺς
792 523 854 576 δὲ
882 522 1364 619 ἐποπτικωτέρους
1376 518 1494 590 <καὶ
1521 519 1768 574 ἀνακτό-

17 638 39 675 5
69 599 791 695 ρωνγέντόῲΞῇ-πυρφόρῳ
817 610 932 661 τῶν
958 606 1147 693 ὄντων
1119 583 1419 693 λαμπάδι
1446 626 1563 676 φαν
1568 606 1767 676 ότερον
1839 600 1876 618 ”
1899 603 1916 615 ”

65 695 346 747 τελούντω

170 777 336 831 τοῦτό
323 679 458 831 ’Ὧι
483 774 636 830 καὶ“
603 786 738 846 ημῖν
765 774 1021 878 εὐμένεια
1047 775 1151 845 μὲν
1179 780 1264 845 εἴη
1289 795 1405 829 των
1432 776 1763 845 ε’ίρημένων,
1787 779 1854 830 10

62 859 131 916 τὰ
156 863 543 932 μυστικώτερα
578 863 642 916 δὲ
668 860 894 931 ἀρρήτῳ
930 864 1062 930 σιγῇ
1097 861 1439 930 τετιμήσθω,
1479 880 1596 913 των
1622 858 1764 914 κατά

66 945 302 1016 Συήνην
329 946 452 1015 ἑξῆς
476 947 917 1016 περαινομένων.
980 950 1077 1015 τῆς
1111 944 1223 1015 γάρ
1251 944 1319 1014 δή
1347 965 1462 999 των
1488 944 1765 999 Νειλωων

0 1061 51 1096 ,10
70 1032 262 1100 ἑορτῆς
289 1033 668 1102 ἐνεστηκυίας
666 1014 735 1088 loc
753 1032 857 1101 μὲν
884 1030 1145 1100 ἐγχώριοι
1170 1028 1314 1099 πρὸς
1330 1034 1563 1093 θυσίαις
1587 1050 1646 1084 τε
1672 1030 1767 1083 καὶ

63 1121 311 1180 τελεταῖς
334 1111 502 1186 ἦσαν,
522 1125 637 1177 τοῖς
654 1117 757 1184 μὲν
767 1116 994 1184 στόμασι
1015 1125 1131 1177 τοῖς
1150 1114 1542 1184 περιεστηκόσι
1560 1116 1768 1178 δεινοῖς

63 1203 392 1271 κάμνοντες,
431 1210 550 1263 ταῖς
575 1209 790 1268 ψυχαῖς
825 1201 887 1254 δὲ
922 1204 1018 1269 τῆς
1044 1202 1172 1270 περὶ
1198 1199 1260 1252 τὸ
1285 1206 1448 1253 θεῖον
1478 1198 1767 1268 εὐσεβείας

0 1333 2 1335 .
66 1287 132 1342 ἐκ
168 1306 283 1340 των
313 1287 564 1340 ἐνόντων
591 1281 694 1338 οὐκ
730 1283 1211 1354 ἀμνημονοῦντες·
1253 1282 1282 1338 ὁ
1311 1285 1373 1338 δὲ
1389 1282 1767 1380 Ὀροονδάτης

64 1373 235 1440 μέσας
259 1370 469 1432 νύκτας
496 1369 854 1439 ἐπιτηρήσας,
881 1368 1022 1439 πρὸς
1047 1367 1233 1423 ύπνον
1258 1361 1473 1437 βαθὺν
1477 1389 1592 1421 των
1608 1373 1767 1470 Συη-

2 1485 43 1519 5
69 1459 250 1509 ναίων
298 1453 410 1509 ἀπὸ
455 1459 554 1524 τῆς
599 1453 834 1523 εὐωχίας
878 1455 1301 1524 τετραμμένων,
1353 1451 1620 1522 ὑπεξάγει
1665 1451 1766 1507 τὸν

67 1539 327 1609 στρατόν,
367 1538 523 1607 ὤραν
548 1559 607 1592 τε
641 1542 776 1607 μίαν
810 1539 906 1592 καὶ
940 1539 1147 1608 πύλην,
1187 1539 1324 1591 καθ’
1349 1536 1425 1608 ἢν
1462 1539 1576 1592 ἔδει
1602 1539 1764 1608 ποιή-

67 1631 279 1680 σασθαι
305 1622 410 1694 τὴν
449 1625 660 1691 ἔξοδον,
699 1623 891 1692 κρύφα
931 1633 1047 1685 τοῖς
1072 1622 1319 1693 Πέρσαις
1345 1626 1766 1698 προπαραγγεί-

66 1713 182 1773 λας.
248 1709 548 1762 ἐπέσταλτο
587 1709 649 1761 δὲ
686 1707 898 1778 ἑκάστῳ
937 1708 1255 1777 δεκαδάρχῃ
1293 1709 1503 1770 ἵππους
1528 1698 1645 1776 μὲν
1671 1709 1763 1761 καὶ

67 1793 342 1862 ὑποζύγια
367 1796 507 1847 κατὰ
535 1793 726 1862 χώραν
753 1793 874 1861 ἐάν,
902 1792 1042 1861 πρός
1067 1813 1126 1846 τε
1153 1794 1482 1862 δυσχερείας
1510 1790 1766 1846 ἀπαλλα-

0 1905 43 1940 vo
69 1878 198 1948 γήν,
237 1880 330 1931 καὶ
355 1881 458 1931 τοῦ
481 1879 558 1947 μή
583 1898 709 1931 τινα
739 1876 877 1947 πρὸς
911 1877 1011 1931 τὸν
1035 1880 1284 1946 τάραχον
1309 1882 1581 1947 αἴσθησιν
1605 1879 1765 1946 γενέ-

66 1969 204 2018 σθαι
228 1982 303 2016 τω
261 1966 347 2081 Z
367 1962 692 2032 δρωμένων,
728 1961 796 2015 τοὶ
823 1961 971 2016 ὅπλα
984 1963 1059 2016 δὲ
1085 1961 1474 2031 ἀναλαβόντας
1498 1962 1644 2031 μόνα
1671 1964 1766 2015 καὶ

67 2049 265 2102 δοκίδα
310 2068 344 2116 η

0 2130 463 2202 ἠθροίσθησαν
499 2130 635 2184 καθ’
671 2131 744 2201 ἣν
781 2135 1079 2201 προείρητο
1119 2132 1325 2201 πύλην,
1375 2133 1649 2200 ἐγκάρσια
1686 2135 1764 2201 τῷ

46 2205 320 2286 πηλςῗτὰ
326 2218 503 2301 ξύλα,
544 2215 689 2285 ἅπερ
725 2215 928 2286 ἑκάστη
965 2215 1130 2279 δεκὰς
1165 2216 1491 2303 ἐπήχθιστο,
1508 2215 1764 2296 ἐπιβάλ-

0 2305 56 2361 η
72 2302 188 2366 λων
224 2279 616 2370 καὶ<ἀλλήλων
644 2294 1366 2379 ἐχόμεναῖσυντιθείς,(τῶν
1403 2300 1641 2354 κατόπιν
1678 2298 1766 2353 ἀεὶ

0 2407 40 2504 ρ
64 2393 182 2449 τοῖς
202 2383 536 2455 ἡγουμένοις
569 2384 1020 2462 μεταδιδόντων)
1044 2380 1167 2440 οἷον
1202 2387 1295 2440 διὰ
1331 2379 1635 2455 ζεύγματος
1661 2386 1765 2456 ρᾷ-

60 2470 171 2526 ,στά
195 2489 256 2524 τε
282 2470 375 2523 καὶ
400 2470 626 2539 τάχιστα
653 2471 939 2542 διεβίβασε
965 2471 1027 2523 τὸ
1049 2474 1283 2540 πλῆθος.
1343 2468 1436 2524 καὶ
1453 2471 1764 2539 λαβόμενος

40 2557 165 2626 τῆς
202 2555 627 2624 ἐστερεωμένης,
675 2554 806 2617 τούς
837 2575 897 2608 τε
932 2557 1214 2635 Αἰθίοπας
1251 2554 1424 2610 οὐδὲν
1460 2553 1763 2623 προιδομέ-

0 2686 10 2694 ,,
66 2656 204 2702 νους
238 2637 372 2692 οὐδὲ
410 2640 686 2709 φροντίδα
723 2642 820 2709 τῆς
856 2643 1114 2709 φυλακῆς
1142 2638 1583 2710 πεποιημένους,
1630 2631 1759 2690 ἀλλ’

0 2739 65 2784 m
72 2719 432 2792 ἀπρονοήτως
457 2724 875 2802 καθεύδοντας,
885 2725 1201 2803 διαλαθών,
1242 2723 1335 2778 ἐπὶ
1369 2723 1471 2793 τὴν
1492 2724 1762 2791 Ἐλεφαν-

47 2808 260 2877 Ι,φ-ίνην,
298 2827 372 2870 ως
409 2808 623 2877 δρόμου
660 2828 719 2862 τε
758 2806 870 2878 εἶχε
907 2811 998 2862 καὶ
1036 2791 1350 2919 άσθματοςὲ
1399 2802 1534 2861 καθ’
1563 2808 1624 2859 ἓν
1661 2801 1762 2857 τὸν

51 2888 315 2960 4σίῑρατον
348 2911 508 2960 ηγεν,
548 2891 839 2955 ἀκώλυτός
875 2914 934 2947 τε
973 2895 1309 2963 εἰσέφρησεν
1336 2895 1414 2955 εἰς
1438 2890 1543 2958 τήν
1572 2889 1759 2956 πόλιν,

393 2048 596 2101 σανίδα
644 2049 1059 2116 πορισαμένους
1116 2047 1443 2115 ἐπάγεσθαι.
1531 2047 1653 2100 ἐπεὶ
1701 2046 1838 2101 δεῙῙ

1800 2175 1869 2207 d).
1888 2178 1906 2200 ’ς

1814 2407 1901 2428 eff*
1910 2404 1915 2413 ¹
