1916 3132
32 1079 70 1111 10

27 1493 68 1526 15

24 1915 67 1948 20

24 2337 67 2370 25

803 149 1101 198 ΠΡΩΤΟΝ
1734 147 1803 200 25

102 309 162 344 τε
207 287 466 357 πρώτους
509 289 624 340 τών
669 285 771 356 ὑφ’
823 284 998 340 αὑτὸν
1047 284 1205 355 ἥκειν
1256 285 1509 355 ἐκέλευε,
1560 286 1653 340 καὶ
1683 278 1803 340 <λά-

103 370 373 444 φυρα’[’τά
421 375 565 425 σῦλα
612 372 954 442 σεμνότερον
1003 369 1290 439 ὀνομάζων
1311 372 1319 409 Ἰ
1341 373 1537 440 φέρειν
1588 374 1665 433 εἰς
1706 375 1803 441 μέ-

103 470 238 520 σους
287 441 562 511 έπέταττε.
647 456 741 510 καὶ
800 457 901 511 τὸν
947 456 1234 525 Κνήμωνα
1280 453 1354 518 ὠς
1412 453 1587 510 αὑτὸν
1643 476 1803 524 μετε-

102 542 379 610 πέμπετο,
447 539 607 609 ἄγειν
673 540 764 595 καὶ
822 539 954 604 τούς
1010 541 1479 610 φρουρουμένους
1509 559 1514 566 ·
1542 541 1802 595 ἐντειλά-

102 645 282 695 μενος.
361 627 482 680 ἐπεὶ
516 627 577 679 δὲ
604 625 839 696 ἤγοντο,
875 632 957 689 τίς
993 625 1104 693 ἄρα
1138 625 1276 695 τύχη
1304 625 1614 691 διαδέξεται
1638 624 1800 696 ἡμᾶς,

106 710 307 780 ἐβόων,
346 709 439 764 καὶ
464 709 646 764 πολλοὶ
671 709 772 764 τὸν
798 711 1083 781 Κνήμωνα
1110 712 1382 778 ἱκέτευον,
1413 716 1468 763 εἴ
1486 733 1537 764 τι
1566 714 1800 765 δύναιτο

103 797 503 866 συμπράττειν.
568 794 601 849 ὃ
638 797 699 849 δὲ
739 797 1108 866 ἐπηγγέλλετο
1146 794 1238 848 καὶ
1263 796 1455 863 θυμὸν
1483 798 1630 865 ἔχειν
1657 797 1795 865 ἀγα-

101 875 213 935 θὸν
238 881 613 950 προύτρεπεν,
650 880 720 934 οὐ
746 882 1072 934 παντάπασι
1097 882 1391 951 βάρβαρον
1420 878 1565 935 εἶναι
1592 880 1658 934 τά
1685 881 1800 951 ἤθη

102 961 203 1020 τὸν
241 966 559 1036 λῄσταρχον
597 966 982 1036 ἐγγυώμενος,
1024 964 1151 1018 ἀλλ’
1175 969 1322 1033 ἔχειν
1359 987 1410 1020 τι
1447 965 1540 1019 καὶ
1573 966 1801 1036 ἥμερον,

99 1051 265 1119 γένος
290 1070 348 1104 τε
376 1047 509 1103 ὄντα
535 1055 650 1103 τῶν
679 1052 769 1104 ἐπὶ
796 1050 959 1120 δόξης
986 1052 1078 1103 καὶ
1115 1048 1255 1120 πρὸς
1290 1051 1540 1120 ἀνάγκης
1565 1050 1668 1106 τὸν
1694 1071 1800 1105 πα-

101 1134 272 1203 ρόντα
308 1137 439 1204 βίον
477 1135 762 1205 ἑλόμενον.
842 1137 963 1190 ἐπεὶ
1002 1137 1062 1188 δὲ
1100 1134 1388 1205 ἤχθησαν,
1427 1134 1699 1205 ἤθροιστο
1739 1138 1801 1191 δὲ

99 1220 192 1274 καὶ
219 1217 249 1273 ὁ
277 1218 472 1282 λοιπὸς
498 1219 709 1289 ὅμιλος,
739 1221 835 1273 ε’πί
855 1241 1008 1284 τινος
1033 1216 1256 1288 ὑψηλοῦ
1283 1226 1638 1288 προκαθίσας
1665 1223 1802 1275 ἑαυ-

97 1303 196 1358 τὸν
225 1302 252 1356 ὁ
283 1307 527 1372 Θύαμις,
566 1304 658 1356 καὶ
685 1304 788 1372 τὴν
813 1310 991 1374 νῆσον
1019 1305 1322 1374 ἐκκλησίαν
1349 1305 1668 1376 ἀποφήνας,
1708 1306 1802 1359 καὶ

98 1388 164 1443 τά
193 1389 586 1459 λεχθησόμενα
616 1392 850 1458 φράζειν
881 1388 981 1442 τὸν
1007 1389 1296 1458 Κνήμωνα
1333 1392 1425 1442 καὶ
1462 1402 1577 1453 τοῖς
1603 1394 1799 1460 αἰχμα-

98 1473 295 1537 λώτοις
320 1473 635 1541 προστάξας
671 1478 861 1543 (συνιή
888 1471 996 1542 γὰρ
1021 1472 1130 1543 ἤδη
1157 1479 1272 1528 τῶν
1299 1478 1650 1544 Αἰγυπτίων,
1679 1474 1708 1529 ὁ
1740 1477 1802 1531 δὲ

101 1558 318 1627 Θύαμις
356 1556 460 1612 οὐκ
499 1558 741 1628 ἠκρίβου
779 1560 846 1612 τά
877 1556 1203 1629 Ἑλλήνων),
1231 1558 1464 1629 ἄνδρες,
1494 1563 1666 1629 ἔλεγε,
1697 1577 1799 1614 συ-

98 1643 460 1711 στρατιῶται,
499 1641 603 1711 τὴν
630 1642 770 1713 ε’μὴν
806 1645 1114 1697 ἐπίστασθε
1139 1645 1402 1713 γνώμην,
1441 1646 1567 1699 οἵαν
1595 1646 1680 1699 ἀεὶ
1709 1647 1800 1699 κέ-

97 1747 301 1797 χρημαι
328 1727 469 1794 πρὸς
493 1725 652 1797 ὑμᾶς.
712 1727 819 1797 ἐγώ
846 1728 973 1798 γάρ,
1003 1726 1076 1790 ὠς
1103 1733 1247 1792 ἴστε,
1276 1740 1407 1792 παῖς
1431 1733 1536 1799 μὲν
1573 1734 1800 1801 προφή-

97 1831 199 1865 του
225 1815 327 1865 τοῦ
356 1813 420 1865 ἐν
446 1814 678 1882 Μέμφει
702 1813 978 1882 γεγονώς,
1019 1812 1319 1883 ἀποτυχών
1346 1817 1407 1868 δὲ
1435 1820 1532 1885 τῆς
1559 1817 1798 1886 ἱερωσύ-

96 1916 197 1967 νης
221 1894 357 1965 μετὰ
382 1896 485 1966 τὴν
510 1902 613 1950 τοῦ
641 1898 849 1967 πατρὸς
883 1898 1343 1969 ὑπαναχώρησιν,
1372 1899 1626 1968 ἀδελφοῦ
1653 1922 1800 1955 νεω-

95 1983 263 2049 τέρου
289 1983 503 2051 ταύτην
528 1983 1035 2053 παρανομήσαντος
1062 1988 1425 2053 παρελέσθαι,
1457 1986 1551 2054 ἐφ’
1571 1983 1715 2054 ’ὑμᾶς
1740 2006 1799 2039 τε

98 2066 445 2135 καταφυγών
485 2065 578 2137 ἐφ’
612 2059 658 2138 ᾦ
694 2087 753 2120 τε
799 2073 1074 2137 τιμωρίαν
1111 2070 1216 2137 μὲν
1254 2068 1594 2140 λαβεῑντὴν
1631 2070 1798 2140 τιμήν

99 2151 160 2204 δὲ
200 2150 527 2220 ἀπολαβεῖν,
569 2153 662 2204 καὶ
699 2157 799 2205 τοῦ
839 2152 1034 2222 ἄρχειν
1073 2154 1236 2222 ὑμῶν
1274 2153 1408 2222 παρ’
1437 2153 1598 2224 ὑμῶν
1637 2155 1797 2220 ἀξιω-

94 2239 247 2302 θείς,
287 2237 364 2298 εἰς
399 2233 503 2304 τὴν
530 2237 699 2305 δεῦρο
729 2237 1001 2306 διήγαγον
1029 2238 1199 2293 οὐδὲν
1227 2244 1340 2292 τῶν
1367 2244 1595 2294 πολλῶν
1624 2241 1798 2311 ε’μαυ-

96 2320 172 2390 τῷ
199 2322 371 2374 πλέον
402 2318 717 2389 ἀπονέμων,
754 2320 879 2374 ἀλλ’
910 2327 1019 2375 εἴτε
1055 2324 1354 2393 χρημάτων
1379 2326 1637 2395 νέμησις,
1677 2329 1793 2379 60⁴0-

63 2402 326 2473 ’μοιρίαν
362 2403 653 2474 ἠγάπησα,
695 2411 805 2459 εἴτε
843 2408 1212 2475 αἰχμαλώτων
1252 2410 1577 2479 ὁιάπρασις,
1620 2413 1697 2473 εἰς
1733 2410 1795 2463 τὸ

5 2758 66 2792 =30

95 2486 295 2542 κοινὸν
333 2492 648 2558 κατέθηκα,
699 2491 1009 2561 προσήκειν
1047 2491 1363 2562 ἡγούμενος
1400 2494 1498 2548 τὸν
1537 2493 1686 2548 οὕτω
1727 2495 1794 2564 δὴ

95 2577 280 2636 καλῶς
319 2571 697 2643 ἐξηγούμενον
735 2579 849 2628 τῶν
886 2578 990 2644 μὲν
1026 2581 1206 2646 ἔργων
1245 2583 1509 2632 πλεῖστον
1546 2582 1796 2648 μετέχειν

95 2678 208 2711 των
236 2658 297 2710 δὲ
323 2660 704 2728 ποριζομένων
730 2658 791 2713 τὸ
819 2666 973 2729 ἰσον,
1009 2683 1124 2715 των
1162 2663 1222 2717 δὲ
1249 2662 1637 2733 ἁλισκομένων
1663 2661 1796 2725 τοὺς

93 2742 198 2809 μὲν
225 2740 490 2830 ἄνδρας
460 2753 594 2812 ημῖν
622 2742 813 2806 αὐτοῖς
835 2702 1242 2846 ε’γκάταλέγων,
1273 2747 1396 2801 ὅσοι
1422 2769 1472 2800 τι
1493 2749 1650 2817 ρώμῃ
1679 2748 1793 2801 σώ-

94 2845 263 2894 ματος
325 2824 642 2897 ὠφελήσειν
705 2832 970 2898 ἔμελλον,
1028 2830 1161 2894 τούς
1228 2834 1289 2886 δὲ
1346 2832 1792 2900 ἀσθενεστέρους

23 2920 28 2925 ’
95 2909 454 2980 ἀπεμπολών,
478 2918 770 2996 γυναικῶν
797 2916 857 2967 δὲ
885 2914 1102 2984 ὕβρεως
1128 2915 1445 2986 ἀπείρατος,
1474 2915 1569 2978 τάς
1593 2935 1698 2983 μεν
1726 2915 1789 2968 εὐ

863 3102 898 3132 Β
