1916 3132
149 93 219 145 80
878 99 1138 147 TPITON

151 253 256 301 ρον
286 234 767 305 δορυφοροῦντας.
823 234 1026 306 κρηπὶς
1062 237 1166 306 μὲν
1204 234 1395 299 αὐτοῖς
1435 235 1623 307 ἱμάντι
1659 257 1849 307 φοινι-

149 322 231 389 κῷ
258 318 564 382 διάπλοκος
601 317 745 390 ὑπὲρ
785 318 1142 389 ἀστράγαλον
1182 320 1498 391 ἐσφίγγετο,
1537 320 1751 392 χλαμὺς
1785 323 1850 378 δὲ

149 401 320 472 λευκή
351 405 566 474 περόνῃ
594 408 776 476 χρυσῇ
804 403 943 474 πρὸς
967 414 1084 467 τοῖς
1109 406 1360 475 στέρνοις
1388 406 1703 478 ἐσφήκωτο,
1743 405 1849 478 τὴν

151 490 230 550 εἰς
255 487 434 558 ἄκρον
460 491 628 553 πέζαν
655 492 842 560 κυανῇ
865 493 933 560 τῇ
958 492 1116 559 βαφῇ
1143 491 1560 562 κεκυκλωμένη.
1604 489 1637 560 ἡ
1664 492 1726 546 δὲ
1752 493 1848 546 ἵπ-

149 592 252 636 πος
286 575 596 642 Θετταλική
636 576 740 643 μὲν
778 577 948 644 πᾶσα,
989 574 1082 627 καὶ
1119 578 1235 628 τῶν
1275 575 1499 629 ἐκεῖθεν
1535 577 1748 630 πεδίων
1784 577 1847 632 τὸ

151 657 463 726 ἐλεύθερον
488 660 778 726 βλέπουσα
807 657 929 727 (τὸν
955 660 1065 728 γὰρ
1091 659 1327 728 χαλινὸν
1354 658 1458 712 ὅσα
1495 661 1599 730 μὲν
1637 661 1848 716 δεσπό-

148 763 251 813 την
276 742 520 813 ἠρνεῖτο,
560 744 912 797 διαπτύουσα
946 742 1040 796 καὶ
1064 743 1222 814 θαμὰ
1248 747 1733 815 προσαφρίζουσα,
1773 743 1849 810 ὥς

150 830 212 883 δὲ
247 826 349 882 τὸν
385 832 527 882 νοῦν
566 826 972 898 ὑφηγούμενον
1006 831 1108 882 τοῦ
1146 827 1437 898 ἀναβάτου
1473 831 1669 900 φέρειν
1693 828 1848 900 ἠνεί-

147 918 323 983 χετο),
378 913 653 982 φαλάροις
701 914 762 966 δὲ
812 914 906 966 καὶ
943 915 1411 983 προμετωπιδίοις
1447 913 1717 986 ἀργυροῖς
1753 915 1848 970 καὶ

150 997 471 1069 ἐπιχρύσοις
510 998 880 1067 ἐξησκημένη,
930 998 1189 1066 καθάπερ
1227 997 1519 1067 ἀγώνισμα
1551 1003 1666 1053 τῶν
1704 1001 1848 1071 ἐφή-

148 1088 270 1154 βων
295 1087 461 1137 τοῦτο
490 1084 899 1151 πεποιημένων.
951 1080 1094 1135 ἀλλὰ
1120 1080 1359 1147 τούτους
1383 1076 1430 1136 ὦ
1454 1083 1704 1153 Κνήμων
1728 1104 1846 1139 τοι-

149 1168 350 1231 ούτους
388 1167 556 1230 ὄντας
592 1165 769 1228 οὕτως
806 1164 1069 1234 ὑπερεῖδε
1106 1165 1200 1219 καὶ
1247 1168 1606 1237 παρέδραμεν
1650 1168 1684 1240 ἡ
1731 1173 1848 1223 τῶν

149 1257 453 1322 παρόντων
493 1251 646 1319 ὄψις,
688 1250 781 1304 καὶ
825 1248 966 1319 πρὸς
1002 1249 1103 1304 τὸν
1138 1251 1423 1325 ἵππαρχον
1449 1245 1544 1323 (ἦν
1569 1254 1632 1307 δὲ
1656 1251 1719 1308 τὸ
1745 1255 1845 1324 μέ-

149 1342 296 1408 λημα
322 1336 385 1391 τὸ
416 1334 551 1405 ἐμὸν
579 1337 881 1405 Θεαγένης)
910 1334 1055 1399 ἅπας
1081 1336 1441 1406 ἐπέστρεψεν,
1482 1336 1626 1391 ὥστε
1650 1339 1847 1403 ἔδοξας

148 1419 220 1475 ἂν
255 1417 356 1476 ὑπ’
389 1420 676 1489 ἀστραπῆς
711 1419 775 1474 τὸ
802 1419 1151 1490 φαινόμενον
1176 1422 1455 1490 πρότερον
1481 1420 1632 1475 ἅπαν
1654 1421 1844 1492 ἠμαυ-

149 1511 397 1575 ρσὸσθαι·
457 1509 730 1560 τοσοῦτον
778 1503 920 1576 ἡμᾶς
967 1504 1171 1575 ὀφθεὶς
1217 1507 1591 1576 κατέλαμψεν,
1643 1505 1844 1572 ἱππεὺς

148 1593 252 1661 μὲν
277 1590 372 1645 καὶ
401 1588 568 1654 αὐτὸς
595 1592 689 1644 καὶ
718 1588 947 1660 ὁπλίτης
978 1590 1292 1659 τυγχάνων,
1333 1592 1426 1644 καὶ
1463 1589 1607 1660 δόρυ
1643 1595 1843 1661 μελίαν

147 1676 534 1746 χαλκόστομον
563 1676 847 1743 ἐπισείων,
876 1674 938 1727 τὸ
966 1675 1027 1729 δὲ
1055 1675 1262 1743 κράνος
1288 1673 1391 1744 οὐχ
1416 1675 1688 1730 ὑπελθών
1713 1675 1842 1730 ἀλλ’

147 1757 257 1815 ἀπὸ
282 1763 501 1829 γυμνῆς
525 1763 621 1828 τῆς
647 1763 897 1830 κεφαλῆς
921 1758 1246 1828 πομπεύων,
1285 1764 1671 1831 φοινικοβαφῆ
1705 1765 1842 1831 χλα-

147 1844 297 1914 μύδα
344 1845 704 1913 καθειμένος,
753 1837 818 1913 ἧς
864 1844 932 1899 τὰ
970 1844 1075 1914 μὲν
1112 1842 1255 1896 ἄλλα
1291 1844 1496 1912 χρυσὸς
1536 1844 1839 1915 ἐποίκιλλε,

146 1928 279 1992 τούς
303 1931 567 1991 Λαπίθας
604 1929 697 1982 ἐπὶ
730 1928 863 1992 τοὺς
886 1928 1249 1998 Κενταύρους
1275 1926 1534 1998 ὁπλίζων,
1569 1927 1604 1999 ἡ
1629 1931 1841 2002 περόνη

148 2016 209 2069 δὲ
243 2013 487 2083 Ἀθηνάν
524 2011 861 2084 ἠλεκτρίνην
898 2017 1115 2083 ἔστεφε,
1154 2013 1258 2082 τὴν
1295 2017 1550 2081 Γοργοῦς
1585 2012 1842 2085 κεφαλὴν

149 2101 226 2162 εἰς
259 2099 499 2167 θώρακα
535 2101 1015 2167 προασπίζουσαν.
1077 2099 1427 2166 προσέβαλλε
1453 2099 1519 2152 δέ
1539 2117 1592 2151 τι
1615 2099 1842 2169 χάριτος

145 2191 262 2246 τοῖς
288 2185 606 2251 γινομένοις
643 2184 736 2235 καὶ
774 2182 985 2252 ἀνέμου
1024 2185 1204 2251 λιγεῖα
1243 2182 1400 2253 ριπή·
1439 2186 1693 2253 μείλιχον
1727 2181 1839 2255 γάρ

148 2268 395 2334 ἐπέπνει,
436 2265 539 2335 τὴν
576 2268 679 2335 μὲν
717 2270 899 2336 κόμην
935 2265 1112 2336 ἠρέμα
1150 2266 1291 2321 κατὰ
1327 2270 1430 2320 τοῦ
1455 2266 1690 2336 αὐχένος
1714 2271 1839 2323 δια-

147 2353 417 2416 ξαίνουσα
444 2349 538 2403 καὶ
563 2356 664 2404 τοῦ
689 2352 949 2420 μετώπου
976 2349 1108 2413 τοὺς
1143 2353 1492 2422 βοστρύχους
1527 2356 1840 2420 παραστέλ-

147 2441 345 2504 λουσα,
384 2440 482 2506 τῆς
518 2437 579 2490 δὲ
616 2438 901 2506 χλαμύδος
924 2436 1023 2499 τάς
1048 2435 1225 2504 ἄκρας
1249 2445 1364 2499 τοῖς
1388 2437 1589 2498 νώτοις
1613 2440 1714 2489 τοῦ
1738 2438 1840 2491 ἴπ-

145 2539 257 2574 που
295 2520 389 2574 καὶ
426 2530 623 2590 μηροῖς
661 2522 1061 2589 ἐπιβάλλουσα.
1125 2517 1274 2584 εἶπες
1310 2517 1382 2574 ἀν
1418 2521 1513 2574 καὶ
1537 2521 1638 2575 τὸν
1662 2521 1838 2576 ἵππον

147 2602 322 2658 αὐτὸν
361 2605 615 2658 συνιέναι
652 2608 748 2674 τῆς
785 2602 1127 2675 ὦραιότητος
1164 2608 1268 2658 τοῦ
1307 2605 1603 2673 δεσπότου,
1643 2607 1738 2659 καὶ
1763 2626 1837 2669 ως

146 2687 322 2742 καλὸν
347 2689 650 2742 κάλλιστον
677 2689 872 2757 φέρειν
895 2686 997 2742 τὸν
1033 2687 1263 2758 ἡνίοχον
1297 2687 1694 2743 αἰσθάνεσθαι·
1733 2687 1836 2742 οὕ-

144 2793 221 2827 τω
247 2772 347 2827 τὸν
373 2771 579 2841 αὐχένα
605 2776 916 2842 κυμαίνων,
957 2773 1050 2825 mxl
1087 2774 1164 2834 εἰς
1200 2770 1379 2840 ὀρθὸν
1405 2764 1502 2836 οὖς
1526 2774 1630 2843 τὴν
1655 2792 1834 2842 κεφα-

147 2856 254 2926 λήν
283 2859 537 2927 ἐγείρων,
566 2855 659 2910 καὶ
685 2855 938 2926 σοβαράν
963 2856 1066 2926 τὴν
1093 2854 1280 2926 ὀφρύν
1306 2856 1445 2909 κατά
1471 2861 1586 2910 τῶν
1611 2855 1836 2926 ὀφθαλ-

1876 595 1897 628 5

1877 1017 1916 1052 10

1874 1438 1915 1472 15
