1916 3132
175 62 248 114 94
877 63 1040 107 LIBRI
1067 63 1155 107 ΠΠ

177 183 527 236 sollemnibus
566 187 682 236 toto
713 187 1068 253 prosequente
1098 185 1297 254 populo
1329 185 1516 238 uiuum
1546 186 1862 256 producitur

174 257 337 310 funus
377 261 430 311 et
467 257 751 310 lacrimosa
787 256 996 326 Psyche
1047 259 1333 311 comitatur
1369 278 1477 312 non
1513 261 1729 330 nuptias
1766 263 1861 315 sed

175 331 427 405 exequias
461 350 597 383 suas.
662 350 721 383 ac
760 331 887 383 dum
925 333 1117 385 maesti
1154 337 1400 402 parentes
1438 337 1493 386 et
1530 337 1681 388 tanto
1718 335 1860 389 malo

174 406 363 474 perciti
403 405 665 458 nefarium
703 405 909 458 facinus
947 407 1198 475 perficere
1238 412 1570 478 cunctantur,
1611 409 1728 478 ipsa
1765 409 1860 462 illa

173 479 286 532 filia
324 479 524 531 talibus
563 497 653 532 eos
693 479 1008 532 adhortatur
1045 481 1268 533 uocibus
1906 506 1916 538 ε

286 552 446 616 ‘Quid
492 553 758 606 infelicem
809 557 1076 606 senectam
1128 555 1258 608 fietu
1306 556 1513 608 diutino
1568 556 1854 610 cruciatis?

176 627 306 696 quid
351 627 603 696 spiritum
650 630 910 697 uestrum,
964 629 1057 697 qui
1095 629 1268 699 magis
1306 648 1457 682 meus
1503 632 1606 699 est,
1659 631 1860 684 crebris

175 701 499 754 heiulatibus
552 701 830 772 fatigatis?
908 702 1037 771 quid
1088 702 1322 756 lacrimis
1377 702 1740 757 inefficacibus
1801 706 1861 758 in

173 776 359 828 nestris
396 775 554 828 oeulis
591 793 706 829 mea
745 775 947 829 lumina
983 777 1246 829 foedatis?
1298 777 1427 846 quid
1465 794 1558 830 ora
1602 779 1732 831 mihi
1775 796 1860 832 ne-

168 850 407 906 ueranda
444 849 729 902 laceratis?
771 849 901 918 quid
947 850 1196 903 canitiem
1236 851 1308 920 [p.
1345 851 1411 903 78
1443 850 1531 920 E]
1578 851 1858 904 scinditis?
1883 875 1916 907 1(

178 923 307 992 quid
344 926 562 992 pectora
601 923 730 993 quid
767 924 933 976 ubera
970 928 1153 978 sancta
1189 924 1453 977 tunditis?
1528 924 1659 978 haec
1705 930 1860 980 erant

175 997 330 1050 uobis
377 998 623 1068 egregiae
669 997 1061 1050 formonsitatis
1112 1017 1259 1051 meae
1305 998 1575 1067 praeclara
1611 999 1858 1068 praemia.

172 1071 405 1124 inuidiae
461 1072 693 1125 nefariae
746 1071 896 1124 letali
949 1067 1108 1142 plaga
1160 1073 1400 1141 percussi
1433 1067 1570 1125 'sero
1631 1073 1859 1126 sentitis,

175 1163 295 1197 cum
336 1149 522 1215 gentes
562 1150 615 1198 et
653 1145 840 1219 populi
890 1146 1219 1219 celebrarent
1264 1165 1361 1199 nos
1413 1145 1610 1199 diuinis
1646 1146 1860 1200 honori—

175 1219 293 1288 buS,
325 1239 458 1275 cum¹
478 1221 687 1272 nouam'
704 1238 788 1272 me
797 1218 864 1274 „V
866 1217 1089 1273 enerems
1102 1239 1192 1274 ore
1216 1238 1450 1273 consono
1474 1224 1858 1290 nuncuparent,
1881 1243 1916 1276 ιε

171 1297 300 1346 tunc
339 1294 517 1347 dolere
556 1296 685 1346 tunc
722 1295 864 1362 flere,
903 1297 1037 1347 tunc
1067 1313 1152 1348 me
1191 1295 1297 1347 iam
1343 1295 1495 1363 quasi
1525 1298 1856 1364 peremptam

171 1367 355 1437 lugere
388 1368 661 1420 debuistis.
712 1368 818 1419 iam
851 1369 1023 1421 sentio
1055 1369 1161 1420 iam
1192 1368 1347 1421 uideo
1380 1368 1494 1421 solo
1526 1386 1610 1420 me
1641 1369 1856 1421 nomine

171 1440 396 1494 Veneris
427 1442 642 1511 perisse.
698 1442 874 1494 ducite
905 1461 990 1494 me
1028 1445 1082 1495 et
1120 1443 1207 1495 cui
1245 1461 1361 1495 sors
1394 1442 1598 1494 addixit
1636 1442 1855 1511 scopulo

172 1515 358 1568 sistite.
436 1516 631 1568 festino
670 1515 851 1568 felices
892 1516 1022 1568 istas
1062 1517 1277 1585 nuptias
1316 1516 1486 1585 obire,
1532 1515 1728 1569 festino
1769 1533 1856 1586 ge-

173 1607 422 1642 nerosum
460 1589 615 1641 illum
654 1590 908 1642 maritum
954 1609 1132 1643 meum
1181 1590 1375 1643 uidere.
1453 1589 1581 1659 quid
1627 1590 1853 1643 differo?
1877 1612 1916 1644 20

175 1663 304 1731 quid
357 1663 594 1715 detrecto
648 1664 950 1716 uenientem
1005 1665 1097 1733 qui
1150 1664 1317 1717 totius
1366 1664 1510 1716 orbis
1557 1664 1720 1716 exitio
1767 1683 1854 1716 na-

171 1741 261 1789 tus
302 1740 384 1789 est
395 1736 442 1788 ‘3’

280 1809 499 1862 XXXV.
542 1809 629 1862 Sic
658 1810 870 1878 profata
900 1811 1054 1879 uirgo
1087 1812 1345 1863 conticuit
1373 1811 1724 1880 ingressuque
1747 1811 1854 1862 iam

171 1884 350 1936 ualido
390 1902 615 1953 pompae
653 1883 839 1952 populi
877 1885 1247 1952 prosequentis
1287 1903 1400 1936 sese
1439 1884 1668 1936 miscuit.
1743 1883 1854 1935 itur

173 1959 238 2010 ad
262 1958 614 2011 constitutum
640 1957 917 2026 scopulum
949 1958 1146 2009 montis
1179 1958 1344 2026 ardui,
1375 1957 1524 2009 cuius
1556 1957 1612 2009 in
1643 1975 1852 2010 summo
1876 1978 1916 2012 2⁵

173 2032 444 2085 cacumine
478 2035 736 2084 statutam
775 2031 1007 2100 puellam
1046 2031 1223 2084 cuncti
1263 2031 1528 2099 deserunt,
1566 2030 1852 2099 taedasque

171 2106 438 2174 nuptiales
501 2105 695 2174 quibus
756 2105 1128 2173 praeluxerant
1188 2104 1384 2157 ibidem
1444 2104 1679 2156 lacrimis
1741 2104 1862 2174 suis

173 2179 433 2232 extinctas
481 2179 840 2248 relinquentes
889 2179 1103 2231 deiectis
1158 2178 1420 2247 capitibus
1468 2162 1875 2231 domuitionem'

289 2344 328 2383 8.
349 2344 373 2382 9
418 2338 531 2394 quid
569 2339 773 2382 lacrimis
813 2338 1129 2382 inefficacibus
1170 2352 1250 2381 ora
1288 2337 1403 2380 mihi
1444 2337 1712 2381 ueneranda
1752 2335 1849 2380 foe-

173 2399 326 2443 datis?
372 2398 487 2453 quid
531 2397 750 2442 laceratis
801 2397 868 2440 in.
891 2396 1059 2441 uestris
1104 2397 1250 2440 oculis
1292 2410 1398 2440 mea
1439 2395 1648 2440 lumina?
1693 2397 1849 2453 uulyo,

171 2459 452 2514 transposuit
490 2458 565 2500 ΒΖ.
605 2459 658 2501 in
696 2458 726 2500 ὃ
770 2458 924 2500 omnia
967 2458 1086 2500 inter
1129 2455 1344 2512 fatigatis
1384 2461 1425 2499 et
1470 2454 1584 2511 quid
1629 2453 1848 2498 laceratis

171 2523 279 2561 sunt
315 2517 479 2560 omissa
623 2521 675 2559 11
716 2517 850 2559 erant
880 2516 1043 2571 scripsi
1095 2516 1230 2558 erunt
1260 2516 1359 2559 cdd.
1416 2515 1525 2558 sunt
1553 2514 1680 2558 Jalm
1730 2512 1847 2557 haec

173 2575 298 2620 enim
329 2576 485 2620 Rohde
606 2579 658 2617 21
694 2575 757 2630 qd
795 2574 854 2617 Fl
884 2588 944 2631 q*
973 2573 1033 2616 F²
1070 2574 1131 2630 qd
1163 2590 1198 2629 φ
1295 2572 1443 2616 totius
1475 2574 1588 2630 (sola
1620 2586 1647 2616 o
1672 2572 1852 2628 primae

171 2694 228 2723 m.
261 2681 340 2736 est)
385 2644 577 2722 orbiffeu
614 2677 650 2719 F
705 2644 953 2721 otiosgrbis
993 2693 1028 2733 φ
1074 2678 1130 2731 cf.
1171 2680 1307 2731 80.2;
1349 2680 1523 2720 203.16
1672 2678 1728 2718 28
1773 2687 1850 2717 ex-

172 2737 319 2782 tintas
350 2737 386 2780 F
419 2742 523 2793 post
551 2735 866 2791 relinquentes
898 2738 951 2780 in
980 2738 1010 2779 δ
1046 2750 1102 2780 ex
1134 2734 1378 2792 Fulyentio
1407 2735 1603 2791 (Lersek.
1637 2734 1679 2777 d.
1711 2733 1848 2777 abstr.

173 2811 219 2897 {I
233 2811 288 2898 ps.
300 2796 717 2910 ngel)1iw⁸{e2r1tum
740 2801 803 2845 est
833 2794 1021 2852 coragio
1045 2794 1204 2849 itaque
1234 2793 1442 2850 perfecto
1472 2794 1529 2848 ef.
1556 2791 1852 2850 Mnemosyne
