1916 3132
171 57 274 111 180
841 61 1203 111 ΕΒΔΟΜΟΝ

169 196 471 266 σώφρονας
497 197 590 250 καὶ
618 198 881 267 νεύματα
880 201 1004 250 τῶν
1023 198 1400 299 αἰσχροτέρων
1420 199 1731 272 αἰνίγματα).
1767 201 1864 254 καὶ

168 285 347 334 ταῦτα
373 278 402 334 6
426 282 530 350 μὲν
559 282 775 352 Θύαμις
801 268 933 336 οὐδὲ
959 280 1101 334 κατὰ
1135 283 1340 351 μικρὸν
1376 273 1862 353 προσίετο,<φύσει

168 355 349 440 τεῖκαὶ
375 365 435 419 ἐκ
455 364 695 419 παίδων
690 360 767 420 εὖ
807 367 1077 436 πεφυκώς
1108 364 1176 419 τὰ
1215 369 1292 430 εἰς
1324 368 1731 438 σωφροσύνην·
1770 369 1864 423 καὶ

169 468 236 503 τα
264 448 406 519 πρὸς
433 450 650 520 ἐκείνης
675 451 935 520 δρώμενα
961 451 1153 520 πόρρω
1180 472 1239 505 τε
1263 443 1336 524 ἦν
1370 473 1445 515 ως
1482 452 1728 525 ἐδρᾶτο
1719 449 1866 522 ὑπο-

169 536 419 602 πτεύειν,
446 536 540 588 καὶ
564 532 737 604 τυχὸν
762 534 942 599 ἄλλως
967 555 1085 599 πως
1109 539 1371 604 γίνεσθαι
1398 534 1711 606 ὑπετίθετο,
1749 541 1864 591 τῶν
1893 556 1913 588 s

173 619 342 687 ἱερῶν
381 617 510 681 ὅλος
544 620 856 688 γινόμενος.
921 619 952 673 ὅ
986 641 1051 689 γε
1074 620 1188 689 μὴν
1213 619 1457 691 ἀδελφὸς
1482 619 1658 674 αὐτοῦ
1683 621 1866 676 Πετό-

148 716 317 780 *ff-fig&
353 703 447 755 καὶ
485 703 656 757 πάλαι
693 707 1032 773 ζηλοτυπίαν
1068 703 1158 759 ἐπ’
1186 703 1341 775 αὐτῷ
1364 709 1551 759 νοσῶν
1576 708 1673 775 τῆς
1699 705 1864 774 ἱερω-

171 788 373 857 σύνης,
413 787 511 850 τοὶς
547 807 607 841 τε
643 790 966 857 προσβολὰς
1001 792 1100 858 τῆς
1142 789 1409 859 Ἀρσάκης
1447 788 1863 860 παρατηρήσας,

171 869 437 942 ἄφορμην
477 874 554 935 εἰς
593 871 903 942 ἐπιβουλὴν
940 871 1227 942 τάδελφοῦ
1263 872 1366 942 τὴν
1395 875 1613 943 ἐκείνης
1638 871 1744 927 οὐκ
1771 876 1865 927 ἔν-

170 976 349 1026 νομον
397 967 600 1026 πεῖραν
647 957 978 1026 ἐποιήσατο,
1027 959 1120 1011 καὶ
1169 961 1247 1029 τῷ
1292 956 1628 1028 Ὀροονδοῖτῃ
1677 960 1866 1028 λάθρᾳ
1896 975 1916 1008 11

170 1039 426 1110 προσιών
453 1041 803 1110 κατεμήνυεν
828 1041 895 1095 οὐ
921 1040 1025 1110 τὴν
1053 1042 1270 1111 ἐκείνης
1295 1040 1483 1112 ὄρεξιν
1516 1042 1712 1111 μόνον,
1739 1039 1862 1095 ἀλλ’

170 1123 282 1195 ἤδη
310 1126 403 1178 καὶ
429 1124 504 1188 ὣς
531 1123 559 1177 6
587 1125 801 1194 Θύαμις
838 1127 1867 1196 συγκατατίθοιτο,Κπροσ-ιεπιψευδόμε-

171 1229 285 1272 νος.
328 1205 359 1261 ὃ
384 1209 446 1262 δὲ
472 1210 680 1280 ῥᾳδίως
705 1212 958 1273 πεισθεὶς
985 1209 1040 1274 ἐξ
1069 1203 1150 1263 ὦν
1175 1209 1278 1280 τὴν
1301 1209 1577 1281 Ἀρσάκην
1594 1210 1867 1278 προῦπώ-

171 1311 359 1363 πτευε,
399 1297 468 1365 τῇ
503 1294 607 1362 μὲν
645 1293 771 1347 κατ’
811 1291 983 1348 οὐδὲν
1019 1293 1288 1364 η’νᾱίχλει,
1314 1296 1484 1371 χσαφῆ
1519 1315 1579 1349 τε
1617 1298 1865 1364 ἔλεγχον,

173 1376 281 1430 οὐκ
309 1380 471 1447 ἔχων,
500 1380 594 1431 καὶ
621 1378 734 1447 ἅμα
761 1381 921 1450 φόβῳ
948 1382 1041 1432 καὶ
1068 1381 1221 1433 αἰδοῖ
1240 1382 1310 1449 τῇ
1335 1380 1462 1449 περὶ
1487 1380 1549 1433 τὸ
1577 1382 1866 1448 βασίλειον
1896 1395 1912 1428 1

170 1462 361 1531 γένος,
399 1469 454 1515 εἴ
481 1484 534 1517 τι
560 1463 653 1516 καὶ
679 1462 1035 1531 ὑπώπτευεν,
1075 1463 1375 1532 ἀνέχεσθαι
1400 1465 1749 1533 βιαζόμενος·
1788 1466 1865 1533 τῷ

172 1547 361 1611 μέντοι
381 1566 445 1614 γε
461 1550 705 1617 Θυάμιδι
726 1549 980 1602 θάνατον
1002 1549 1062 1602 ἐκ
1083 1550 1450 1618 προρρήσεως
1470 1550 1718 1616 συνεχῶς
1737 1548 1867 1600 δια-

172 1634 385 1683 πειλῶν
424 1629 492 1684 οὐ
539 1632 818 1702 πρότερον
866 1631 1094 1701 ἀνῆκεν,
1145 1632 1306 1701 ἄχρις
1342 1624 1412 1685 οὗ
1447 1628 1548 1685 τόν
1583 1633 1688 1701 μὲν
1726 1631 1866 1700 ἐφυ-

171 1714 432 1783 γάδευσε,
472 1715 571 1768 τὸν
606 1719 915 1786 ῌετόσιριν
954 1717 1016 1770 δὲ
1055 1718 1131 1778 εἰς
1166 1716 1269 1784 τὴν
1307 1718 1655 1785 προφητείαν
1695 1717 1865 1783 ἐγκα-

172 1800 452 1867 τέστησεν.
1894 1815 1916 1847 2

113 1883 146 1936 3
282 1881 425 1935 ἄλλα
451 1888 625 1937 ταῦτα
651 1886 754 1952 μὲν
780 1884 1003 1954 χρόνοις
1030 1882 1275 1952 ἐγεγόνει
1302 1888 1618 1953 προτέροις·
1656 1884 1783 1937 τότε
1809 1879 1860 1934 δ’

174 1959 331 2038 οὖνὴ
361 1966 600 2038 Ἀρσᾴκη
621 1972 723 2022 τοῦ
749 1970 1006 2038 πλήθους
1033 1968 1125 2021 ἐπὶ
1150 1966 1254 2036 τήν
1281 1973 1504 2035 οἴκησιν
1529 1966 1699 2035 αὐτῆς
1724 1980 1863 2035 συρ-

176 2051 439 2120 ρυέντος,
478 2053 571 2105 καὶ
608 2053 711 2122 τήν
749 2073 807 2106 τε
846 2054 1055 2123 ἔφοδον
1091 2056 1207 2105 τῶν
1247 2052 1521 2105 ἐναντίων
1559 2053 1866 2119 δηλοῦντος

173 2133 285 2204 ἤδη
323 2138 417 2188 καὶ
456 2135 597 2206 αὐτῇ
637 2139 1060 2207 προῃσθημένῃ,
1100 2137 1193 2188 καὶ
1230 2145 1345 2197 τοῖς
1384 2126 1511 2188 οὖσι
1547 2139 1660 2187 τῶν
1694 2149 1865 2203 στρα-

176 2224 404 2284 τιωτῶν(
434 2222 725 2288 ἐπιτρέψαι
763 2221 1127 2284 συνεξελθεῖν
1167 2214 1708 2285 αὐτοῖςοίτοῦντος,
1757 2215 1863 2271 οὐκ
1891 2234 1916 2266 2

177 2299 252 2356 ἂν
280 2307 385 2373 ἔφη
412 2307 589 2357 ταῦτα
625 2309 933 2373 προχείρως
969 2304 1147 2367 οὕτως
1184 2304 1534 2372 ἐπιτρέψειν,
1554 2301 1722 2355 οὔπω
1759 2303 1865 2372 μὲν

178 2386 239 2440 τὸ
265 2391 483 2457 πλῆθος
508 2392 621 2441 τῶν
646 2393 930 2457 πολεμίων
969 2389 1124 2456 ὅσον,
1162 2386 1317 2441 οὔπω
1346 2388 1407 2439 δὲ
1435 2387 1633 2449 οἵτινές
1659 2387 1804 2439 εἰσιν
1827 2383 1863 2455 ἢ

177 2473 361 2526 πόθεν
399 2475 600 2541 εἰδυῖα,
642 2476 733 2526 καὶ
772 2473 910 2541 πρός
945 2493 1027 2542 γε,
1068 2473 1201 2526 οὐδὲ
1227 2470 1329 2540 τὴν
1365 2470 1653 2538 πρόφασιν
1687 2467 1762 2523 δι’
1789 2466 1864 2538 ἢν

180 2555 564 2626 ἐπεληλύθασι
589 2560 969 2625 γινωσκουσα.
1016 2560 1218 2626 χρῆναι
1244 2546 1348 2607 οὖν
1374 2553 1501 2623 ἄχρι
1525 2557 1639 2607 τῶν
1663 2556 1864 2621 τειχῶν

180 2642 443 2710 διαβῆναι
482 2641 775 2710 πρότερον,
817 2641 910 2694 καὶ
945 2640 1164 2693 ἅπαντα
1201 2639 1420 2692 ἐκεῖθεν
1447 2636 1863 2690 κατοπτεύσαν-
1891 2652 1916 2686 3«

179 2746 277 2787 τας
315 2726 406 2778 καὶ
445 2724 649 2788 ἄλλους
686 2726 1098 2794 συλλαβόντας,
1140 2722 1283 2776 οὕτω
1322 2731 1435 2784 τοῖς
1472 2723 1734 2782 δυνατοῖς
1771 2720 1863 2772 καὶ

181 2813 576 2864 λυσιτελοῦσιν
616 2809 930 2878 ἐπιχειρεῖν.
968 2801 988 2844 s
1009 2809 1192 2862 ἐδόκει
1230 2810 1413 2868 καλῶς
1450 2807 1730 2874 εἰρῆσθαι,
1769 2803 1862 2856 καὶ
