<?xml version="1.0" encoding="UTF-8"?>
<!DOCTYPE html PUBLIC "-//W3C//DTD XHTML 1.0 Transitional//EN"
    "http://www.w3.org/TR/xhtml1/DTD/xhtml1-transitional.dtd">
<html xmlns="http://www.w3.org/1999/xhtml" xml:lang="en" lang="en">
 <head>
  <title>
</title>
<meta http-equiv="Content-Type" content="text/html;charset=utf-8" />
  <meta name='ocr-system' content='tesseract 3.04.00' />
  <meta name='ocr-capabilities' content='ocr_page ocr_carea ocr_par ocr_line ocrx_word'/>
</head>
<body>
  <div class='ocr_page' id='page_1' title='image "./aethiopicorumlib00heliuoft_0040.png"; bbox 0 0 1916 3132; ppageno 0'>
   <div class='ocr_carea' id='block_1_1' title="bbox 191 91 1192 145">
    <p class='ocr_par' dir='ltr' id='par_1_1' title="bbox 191 91 1192 145">
     <span class='ocr_line' id='line_1_1' title="bbox 191 91 1192 145; baseline 0.002 -2"><span class='ocrx_word' id='word_1_1' title='bbox 191 91 260 143; x_wconf 86' lang='lat'><em>30</em></span> <span class='ocrx_word' id='word_1_2' title='bbox 892 96 1040 143; x_wconf 71' lang='grc' dir='ltr'><em>ΠΡΩ.</em></span> <span class='ocrx_word' id='word_1_3' title='bbox 1050 97 1192 145; x_wconf 90' lang='grc' dir='ltr'><em>ΤΟΝ</em></span> 
     </span>
    </p>
   </div>
   <div class='ocr_carea' id='block_1_2' title="bbox 103 233 1916 2923">
    <p class='ocr_par' dir='ltr' id='par_1_2' title="bbox 103 233 1916 2923">
     <span class='ocr_line' id='line_1_2' title="bbox 190 233 1886 304; baseline 0.004 -20"><span class='ocrx_word' id='word_1_4' title='bbox 190 233 455 298; x_wconf 90' lang='grc' dir='ltr'><em>γίνεσθαι</em></span> <span class='ocrx_word' id='word_1_5' title='bbox 481 237 584 285; x_wconf 90' lang='grc' dir='ltr'><em>τοῦ</em></span> <span class='ocrx_word' id='word_1_6' title='bbox 614 233 940 300; x_wconf 80' lang='grc' dir='ltr'><strong><em>ἐγκειμένου</em></strong></span> <span class='ocrx_word' id='word_1_7' title='bbox 966 233 1182 301; x_wconf 90' lang='grc' dir='ltr'><em>πόθου,</em></span> <span class='ocrx_word' id='word_1_8' title='bbox 1211 234 1304 287; x_wconf 87' lang='grc' dir='ltr'><em>καὶ</em></span> <span class='ocrx_word' id='word_1_9' title='bbox 1329 234 1542 304; x_wconf 79' lang='grc' dir='ltr'><em>πρᾶξαί</em></span> <span class='ocrx_word' id='word_1_10' title='bbox 1563 255 1616 288; x_wconf 92' lang='grc' dir='ltr'><em>τι</em></span> <span class='ocrx_word' id='word_1_11' title='bbox 1641 233 1793 304; x_wconf 73' lang='grc' dir='ltr'><em>παρὰ</em></span> <span class='ocrx_word' id='word_1_12' title='bbox 1818 235 1886 290; x_wconf 79' lang='grc' dir='ltr'><em>τὰ</em></span> 
     </span>
     <span class='ocr_line' id='line_1_3' title="bbox 191 317 1585 389; baseline 0.004 -21"><span class='ocrx_word' id='word_1_13' title='bbox 191 317 432 380; x_wconf 84' lang='grc' dir='ltr'><em>δόξαντα</em></span> <span class='ocrx_word' id='word_1_14' title='bbox 470 317 563 369; x_wconf 87' lang='grc' dir='ltr'><em>καὶ</em></span> <span class='ocrx_word' id='word_1_15' title='bbox 598 317 1041 386; x_wconf 88' lang='grc' dir='ltr'><em>προδηλωθέντα</em></span> <span class='ocrx_word' id='word_1_16' title='bbox 1079 322 1585 389; x_wconf 89' lang='grc' dir='ltr'><em>καταναγκασθείη.</em></span> 
     </span>
     <span class='ocr_line' id='line_1_4' title="bbox 298 400 1886 473; baseline 0.003 -19"><span class='ocrx_word' id='word_1_17' title='bbox 298 402 391 454; x_wconf 84' lang='grc' dir='ltr'><em>καὶ</em></span> <span class='ocrx_word' id='word_1_18' title='bbox 429 400 458 454; x_wconf 80' lang='grc' dir='ltr'>ὁ</span> <span class='ocrx_word' id='word_1_19' title='bbox 496 402 600 470; x_wconf 80' lang='grc' dir='ltr'><em>μὲν</em></span> <span class='ocrx_word' id='word_1_20' title='bbox 641 405 858 470; x_wconf 83' lang='grc' dir='ltr'><em>Θύαμις</em></span> <span class='ocrx_word' id='word_1_21' title='bbox 908 403 970 455; x_wconf 90' lang='grc' dir='ltr'><em>ἐκ</em></span> <span class='ocrx_word' id='word_1_22' title='bbox 1023 402 1239 455; x_wconf 89' lang='grc' dir='ltr'><em>τούτων</em></span> <span class='ocrx_word' id='word_1_23' title='bbox 1277 414 1573 473; x_wconf 79' lang='grc' dir='ltr'><em>παρῃτεῖτο</em></span> <span class='ocrx_word' id='word_1_24' title='bbox 1611 403 1714 473; x_wconf 87' lang='grc' dir='ltr'><em>τὴν</em></span> <span class='ocrx_word' id='word_1_25' title='bbox 1753 402 1886 469; x_wconf 83' lang='grc' dir='ltr'><em>ὄψιν</em></span> 
     </span>
     <span class='ocr_line' id='line_1_5' title="bbox 190 484 1886 559; baseline 0.004 -21"><span class='ocrx_word' id='word_1_26' title='bbox 190 489 287 554; x_wconf 88' lang='grc' dir='ltr'><em>τῆς</em></span> <span class='ocrx_word' id='word_1_27' title='bbox 333 487 527 554; x_wconf 95' lang='grc' dir='ltr'><em>κόρης,</em></span> <span class='ocrx_word' id='word_1_28' title='bbox 577 485 645 539; x_wconf 85' lang='grc' dir='ltr'><em>οὐ</em></span> <span class='ocrx_word' id='word_1_29' title='bbox 695 484 940 540; x_wconf 90' lang='grc' dir='ltr'><em>δυνατὸν</em></span> <span class='ocrx_word' id='word_1_30' title='bbox 990 488 1219 554; x_wconf 83' lang='grc' dir='ltr'><em>βλέπειν</em></span> <span class='ocrx_word' id='word_1_31' title='bbox 1268 486 1378 555; x_wconf 74' lang='grc' dir='ltr'><em>ἅμα</em></span> <span class='ocrx_word' id='word_1_32' title='bbox 1424 489 1517 540; x_wconf 89' lang='grc' dir='ltr'><em>καὶ</em></span> <span class='ocrx_word' id='word_1_33' title='bbox 1564 499 1886 559; x_wconf 79' lang='grc' dir='ltr'><em>σωφρονεῖν</em></span> 
     </span>
     <span class='ocr_line' id='line_1_6' title="bbox 190 567 1916 640; baseline 0.003 -17"><span class='ocrx_word' id='word_1_34' title='bbox 190 567 525 639; x_wconf 81' lang='grc' dir='ltr'><em>ἡγούμενος·</em></span> <span class='ocrx_word' id='word_1_35' title='bbox 576 568 605 624; x_wconf 89' lang='grc' dir='ltr'>ὁ</span> <span class='ocrx_word' id='word_1_36' title='bbox 643 572 704 624; x_wconf 77' lang='grc' dir='ltr'><em>δὲ</em></span> <span class='ocrx_word' id='word_1_37' title='bbox 740 571 1013 639; x_wconf 78' lang='grc' dir='ltr'><em>Κνήμων,</em></span> <span class='ocrx_word' id='word_1_38' title='bbox 1057 570 1247 639; x_wconf 80' lang='grc' dir='ltr'><em>ἐπειδὴ</em></span> <span class='ocrx_word' id='word_1_39' title='bbox 1287 570 1514 640; x_wconf 87' lang='grc' dir='ltr'><em>τάχιστα</em></span> <span class='ocrx_word' id='word_1_40' title='bbox 1549 572 1752 636; x_wconf 89' lang='grc' dir='ltr'><em>πάντες</em></span> <span class='ocrx_word' id='word_1_41' title='bbox 1789 574 1916 628; x_wconf 39' lang='grc' dir='ltr'><em>ἐκ»</em></span> 
     </span>
     <span class='ocr_line' id='line_1_7' title="bbox 192 650 1885 726; baseline 0.002 -19"><span class='ocrx_word' id='word_1_42' title='bbox 192 654 384 708; x_wconf 80' lang='grc' dir='ltr'><em>ποδων</em></span> <span class='ocrx_word' id='word_1_43' title='bbox 431 650 576 724; x_wconf 82' lang='grc' dir='ltr'><em>ἦσαν</em></span> <span class='ocrx_word' id='word_1_44' title='bbox 623 654 792 718; x_wconf 78' lang='grc' dir='ltr'><em>ἄλλος</em></span> <span class='ocrx_word' id='word_1_45' title='bbox 837 654 960 708; x_wconf 84' lang='grc' dir='ltr'><em>κατ’</em></span> <span class='ocrx_word' id='word_1_46' title='bbox 1001 654 1139 708; x_wconf 82' lang='grc' dir='ltr'><em>ἄλλο</em></span> <span class='ocrx_word' id='word_1_47' title='bbox 1197 659 1295 724; x_wconf 83' lang='grc' dir='ltr'><em>τῆς</em></span> <span class='ocrx_word' id='word_1_48' title='bbox 1351 659 1548 726; x_wconf 80' lang='grc' dir='ltr'><em>λίμνης</em></span> <span class='ocrx_word' id='word_1_49' title='bbox 1596 658 1885 712; x_wconf 88' lang='grc' dir='ltr'><em>καταδύν-</em></span> 
     </span>
     <span class='ocr_line' id='line_1_8' title="bbox 191 737 1886 812; baseline 0.002 -20"><span class='ocrx_word' id='word_1_50' title='bbox 191 759 304 807; x_wconf 87' lang='grc' dir='ltr'><em>τες,</em></span> <span class='ocrx_word' id='word_1_51' title='bbox 362 738 433 809; x_wconf 80' lang='grc' dir='ltr'><em>ἢν</em></span> <span class='ocrx_word' id='word_1_52' title='bbox 489 740 565 810; x_wconf 78' lang='grc' dir='ltr'><em>τῷ</em></span> <span class='ocrx_word' id='word_1_53' title='bbox 627 740 889 808; x_wconf 79' lang='grc' dir='ltr'><em>Θεαγένει</em></span> <span class='ocrx_word' id='word_1_54' title='bbox 943 740 1190 810; x_wconf 78' lang='grc' dir='ltr'><em>βοτάνην</em></span> <span class='ocrx_word' id='word_1_55' title='bbox 1244 737 1513 807; x_wconf 82' lang='grc' dir='ltr'><em>ὑπέσχετο</em></span> <span class='ocrx_word' id='word_1_56' title='bbox 1569 746 1637 811; x_wconf 81' lang='grc' dir='ltr'><em>τῇ</em></span> <span class='ocrx_word' id='word_1_57' title='bbox 1684 760 1886 812; x_wconf 87' lang='grc' dir='ltr'><em>προτε-</em></span> 
     </span>
     <span class='ocr_line' id='line_1_9' title="bbox 192 823 1884 895; baseline 0.002 -19"><span class='ocrx_word' id='word_1_58' title='bbox 192 828 350 894; x_wconf 79' lang='grc' dir='ltr'><em>ραίᾳ,</em></span> <span class='ocrx_word' id='word_1_59' title='bbox 389 824 685 894; x_wconf 84' lang='grc' dir='ltr'><em>μαστεύων</em></span> <span class='ocrx_word' id='word_1_60' title='bbox 721 823 913 892; x_wconf 78' lang='grc' dir='ltr'><em>ὀλίγον</em></span> <span class='ocrx_word' id='word_1_61' title='bbox 937 828 1034 894; x_wconf 83' lang='grc' dir='ltr'><em>τῆς</em></span> <span class='ocrx_word' id='word_1_62' title='bbox 1068 828 1268 895; x_wconf 82' lang='grc' dir='ltr'><em>λίμνης</em></span> <span class='ocrx_word' id='word_1_63' title='bbox 1301 824 1535 879; x_wconf 76' lang='grc' dir='ltr'><em>ἄπωθεν</em></span> <span class='ocrx_word' id='word_1_64' title='bbox 1571 825 1884 895; x_wconf 84' lang='grc' dir='ltr'><em>ἐπορεύετο.</em></span> 
     </span>
     <span class='ocr_line' id='line_1_10' title="bbox 103 908 1883 979; baseline 0.002 -18"><span class='ocrx_word' id='word_1_65' title='bbox 103 916 173 968; x_wconf 81' lang='lat'><em>25</em></span> <span class='ocrx_word' id='word_1_66' title='bbox 193 908 299 961; x_wconf 78' lang='grc' dir='ltr'><em>κάν</em></span> <span class='ocrx_word' id='word_1_67' title='bbox 356 912 538 979; x_wconf 77' lang='grc' dir='ltr'><em>τούτῳ</em></span> <span class='ocrx_word' id='word_1_68' title='bbox 604 913 806 978; x_wconf 78' lang='grc' dir='ltr'><em>σχολῆς</em></span> <span class='ocrx_word' id='word_1_69' title='bbox 871 909 1276 978; x_wconf 83' lang='grc' dir='ltr'><em>ἐπιλαβόμενος</em></span> <span class='ocrx_word' id='word_1_70' title='bbox 1329 908 1358 963; x_wconf 90' lang='grc' dir='ltr'>ὁ</span> <span class='ocrx_word' id='word_1_71' title='bbox 1418 911 1698 979; x_wconf 79' lang='grc' dir='ltr'><em>Θεαγένης</em></span> <span class='ocrx_word' id='word_1_72' title='bbox 1753 909 1883 964; x_wconf 86' lang='grc' dir='ltr'><em>ἐδά-</em></span> 
     </span>
     <span class='ocr_line' id='line_1_11' title="bbox 190 992 1916 1065; baseline 0.001 -20"><span class='ocrx_word' id='word_1_73' title='bbox 190 994 331 1063; x_wconf 88' lang='grc' dir='ltr'><em>κρυέ</em></span> <span class='ocrx_word' id='word_1_74' title='bbox 365 1013 423 1047; x_wconf 91' lang='grc' dir='ltr'><em>τε</em></span> <span class='ocrx_word' id='word_1_75' title='bbox 462 995 554 1046; x_wconf 84' lang='grc' dir='ltr'><em>καὶ</em></span> <span class='ocrx_word' id='word_1_76' title='bbox 594 992 883 1065; x_wconf 73' lang='grc' dir='ltr'><em>ἀνῴμωξε,</em></span> <span class='ocrx_word' id='word_1_77' title='bbox 924 993 1064 1062; x_wconf 82' lang='grc' dir='ltr'><em>πρὸς</em></span> <span class='ocrx_word' id='word_1_78' title='bbox 1099 995 1203 1062; x_wconf 84' lang='grc' dir='ltr'><em>μὲν</em></span> <span class='ocrx_word' id='word_1_79' title='bbox 1238 993 1341 1063; x_wconf 83' lang='grc' dir='ltr'><em>τήν</em></span> <span class='ocrx_word' id='word_1_80' title='bbox 1375 999 1718 1064; x_wconf 87' lang='grc' dir='ltr'><em>Χαρίκλειαν</em></span> <span class='ocrx_word' id='word_1_81' title='bbox 1750 993 1874 1048; x_wconf 83' lang='grc' dir='ltr'><em>οὐδ’</em></span> <span class='ocrx_word' id='word_1_82' title='bbox 1909 1015 1916 1046; x_wconf 88' lang='lat'>1</span> 
     </span>
     <span class='ocr_line' id='line_1_12' title="bbox 189 1075 1883 1148; baseline 0.002 -19"><span class='ocrx_word' id='word_1_83' title='bbox 189 1075 383 1131; x_wconf 85' lang='grc' dir='ltr'><em>ὁτιοῦν</em></span> <span class='ocrx_word' id='word_1_84' title='bbox 413 1080 839 1147; x_wconf 88' lang='grc' dir='ltr'><em>διαλεγόμενος,</em></span> <span class='ocrx_word' id='word_1_85' title='bbox 866 1077 1041 1142; x_wconf 73' lang='grc' dir='ltr'><em>θεοὺς</em></span> <span class='ocrx_word' id='word_1_86' title='bbox 1078 1079 1139 1132; x_wconf 80' lang='grc' dir='ltr'><em>δὲ</em></span> <span class='ocrx_word' id='word_1_87' title='bbox 1166 1083 1414 1148; x_wconf 76' lang='grc' dir='ltr'><em>συνεχῶς</em></span> <span class='ocrx_word' id='word_1_88' title='bbox 1442 1082 1883 1148; x_wconf 82' lang='grc' dir='ltr'><em>ἐπικαλούμενος</em></span> 
     </span>
     <span class='ocr_line' id='line_1_13' title="bbox 189 1161 1882 1233; baseline 0.003 -20"><span class='ocrx_word' id='word_1_89' title='bbox 189 1161 491 1231; x_wconf 88' lang='grc' dir='ltr'><em>μάρτυρας.</em></span> <span class='ocrx_word' id='word_1_90' title='bbox 556 1168 653 1233; x_wconf 86' lang='grc' dir='ltr'><em>τῆς</em></span> <span class='ocrx_word' id='word_1_91' title='bbox 679 1166 766 1232; x_wconf 87' lang='grc' dir='ltr'><em>δέ,</em></span> <span class='ocrx_word' id='word_1_92' title='bbox 798 1166 848 1217; x_wconf 83' lang='grc' dir='ltr'><em>εἰ</em></span> <span class='ocrx_word' id='word_1_93' title='bbox 869 1161 935 1215; x_wconf 76' lang='grc' dir='ltr'><em>τὰ</em></span> <span class='ocrx_word' id='word_1_94' title='bbox 962 1165 1187 1232; x_wconf 79' lang='grc' dir='ltr'><em>συνήθη</em></span> <span class='ocrx_word' id='word_1_95' title='bbox 1217 1165 1308 1216; x_wconf 84' lang='grc' dir='ltr'><em>καὶ</em></span> <span class='ocrx_word' id='word_1_96' title='bbox 1348 1163 1510 1218; x_wconf 75' lang='grc' dir='ltr'><em>κοινοὶ</em></span> <span class='ocrx_word' id='word_1_97' title='bbox 1536 1167 1711 1218; x_wconf 89' lang='grc' dir='ltr'><em>ταῦτα</em></span> <span class='ocrx_word' id='word_1_98' title='bbox 1735 1170 1882 1233; x_wconf 88' lang='grc' dir='ltr'><em>θρη-</em></span> 
     </span>
     <span class='ocr_line' id='line_1_14' title="bbox 189 1244 1886 1318; baseline 0.002 -19"><span class='ocrx_word' id='word_1_99' title='bbox 189 1256 278 1300; x_wconf 90' lang='grc' dir='ltr'><em>νεῖ</em></span> <span class='ocrx_word' id='word_1_100' title='bbox 301 1250 755 1317; x_wconf 81' lang='grc' dir='ltr'><em>πυνθανομένης,</em></span> <span class='ocrx_word' id='word_1_101' title='bbox 785 1244 819 1317; x_wconf 72' lang='grc' dir='ltr'><em>ἢ</em></span> <span class='ocrx_word' id='word_1_102' title='bbox 844 1249 919 1317; x_wconf 89' lang='grc' dir='ltr'><em>μή</em></span> <span class='ocrx_word' id='word_1_103' title='bbox 947 1268 998 1300; x_wconf 88' lang='grc' dir='ltr'><em>τι</em></span> <span class='ocrx_word' id='word_1_104' title='bbox 1023 1250 1303 1302; x_wconf 80' lang='grc' dir='ltr'><em>πεπόνθοι</em></span> <span class='ocrx_word' id='word_1_105' title='bbox 1331 1248 1679 1318; x_wconf 82' lang='grc' dir='ltr'><em>καινότερον,</em></span> <span class='ocrx_word' id='word_1_106' title='bbox 1708 1249 1803 1301; x_wconf 87' lang='grc' dir='ltr'><em>καὶ</em></span> <span class='ocrx_word' id='word_1_107' title='bbox 1826 1250 1886 1302; x_wconf 86' lang='grc' dir='ltr'><em>τί</em></span> 
     </span>
     <span class='ocr_line' id='line_1_15' title="bbox 191 1329 1877 1402; baseline 0 -17"><span class='ocrx_word' id='word_1_108' title='bbox 191 1331 394 1400; x_wconf 77' lang='grc' dir='ltr'><em>γένοιτ’</em></span> <span class='ocrx_word' id='word_1_109' title='bbox 422 1333 524 1402; x_wconf 78' lang='grc' dir='ltr'><em>ἄν,</em></span> <span class='ocrx_word' id='word_1_110' title='bbox 554 1336 660 1402; x_wconf 83' lang='grc' dir='ltr'><em>ε”φη</em></span> <span class='ocrx_word' id='word_1_111' title='bbox 690 1332 719 1386; x_wconf 87' lang='grc' dir='ltr'>ὁ</span> <span class='ocrx_word' id='word_1_112' title='bbox 747 1336 1051 1402; x_wconf 82' lang='grc' dir='ltr'><em>Θεαγένης,</em></span> <span class='ocrx_word' id='word_1_113' title='bbox 1082 1336 1410 1401; x_wconf 88' lang='grc' dir='ltr'><em>καινότερον</em></span> <span class='ocrx_word' id='word_1_114' title='bbox 1437 1329 1470 1402; x_wconf 75' lang='grc' dir='ltr'><em>ἢ</em></span> <span class='ocrx_word' id='word_1_115' title='bbox 1495 1337 1551 1386; x_wconf 93' lang='grc' dir='ltr'><em>τί</em></span> <span class='ocrx_word' id='word_1_116' title='bbox 1572 1331 1877 1402; x_wconf 80' lang='grc' dir='ltr'><em>ἀθεμιστό-</em></span> 
     </span>
     <span class='ocr_line' id='line_1_16' title="bbox 191 1416 1916 1488; baseline -0.002 -18"><span class='ocrx_word' id='word_1_117' title='bbox 191 1437 357 1484; x_wconf 91' lang='grc' dir='ltr'><em>τερον</em></span> <span class='ocrx_word' id='word_1_118' title='bbox 385 1416 573 1488; x_wconf 85' lang='grc' dir='ltr'><em>ὅρκων</em></span> <span class='ocrx_word' id='word_1_119' title='bbox 598 1419 701 1487; x_wconf 82' lang='grc' dir='ltr'><em>μὲν</em></span> <span class='ocrx_word' id='word_1_120' title='bbox 729 1420 822 1471; x_wconf 84' lang='grc' dir='ltr'><em>καὶ</em></span> <span class='ocrx_word' id='word_1_121' title='bbox 850 1419 1115 1471; x_wconf 77' lang='grc' dir='ltr'><em>σπονδῶν</em></span> <span class='ocrx_word' id='word_1_122' title='bbox 1141 1420 1665 1487; x_wconf 87' lang='grc' dir='ltr'><em>παραβαινομένων,</em></span> <span class='ocrx_word' id='word_1_123' title='bbox 1705 1421 1881 1487; x_wconf 87' lang='grc' dir='ltr'><em>Χαρι-</em></span> <span class='ocrx_word' id='word_1_124' title='bbox 1913 1442 1916 1466; x_wconf 88' lang='lat'>:</span> 
     </span>
     <span class='ocr_line' id='line_1_17' title="bbox 190 1500 1886 1572; baseline 0.001 -19"><span class='ocrx_word' id='word_1_125' title='bbox 190 1504 377 1564; x_wconf 87' lang='grc' dir='ltr'><em>κλείας</em></span> <span class='ocrx_word' id='word_1_126' title='bbox 405 1503 466 1555; x_wconf 83' lang='grc' dir='ltr'><em>δὲ</em></span> <span class='ocrx_word' id='word_1_127' title='bbox 492 1504 677 1571; x_wconf 85' lang='grc' dir='ltr'><em>λήθην</em></span> <span class='ocrx_word' id='word_1_128' title='bbox 703 1504 841 1572; x_wconf 85' lang='grc' dir='ltr'><em>ἐμοῦ</em></span> <span class='ocrx_word' id='word_1_129' title='bbox 870 1504 1151 1572; x_wconf 86' lang='grc' dir='ltr'><em>λαβούσης</em></span> <span class='ocrx_word' id='word_1_130' title='bbox 1178 1501 1270 1556; x_wconf 84' lang='grc' dir='ltr'><em>καὶ</em></span> <span class='ocrx_word' id='word_1_131' title='bbox 1296 1503 1436 1572; x_wconf 87' lang='grc' dir='ltr'><em>πρὸς</em></span> <span class='ocrx_word' id='word_1_132' title='bbox 1461 1500 1648 1556; x_wconf 77' lang='grc' dir='ltr'><em>ἄλλων</em></span> <span class='ocrx_word' id='word_1_133' title='bbox 1672 1502 1886 1571; x_wconf 80' lang='grc' dir='ltr'><em>γάμους</em></span> 
     </span>
     <span class='ocr_line' id='line_1_18' title="bbox 193 1584 1884 1657; baseline -0.001 -18"><span class='ocrx_word' id='word_1_134' title='bbox 193 1587 594 1655; x_wconf 76' lang='grc' dir='ltr'><em>ἐπινευούσης;</em></span> <span class='ocrx_word' id='word_1_135' title='bbox 637 1584 981 1656; x_wconf 81' lang='grc' dir='ltr'><em>εὐφήμησον,</em></span> <span class='ocrx_word' id='word_1_136' title='bbox 1026 1585 1189 1655; x_wconf 79' lang='grc' dir='ltr'><em>ἔφηὴ</em></span> <span class='ocrx_word' id='word_1_137' title='bbox 1231 1587 1398 1656; x_wconf 88' lang='grc' dir='ltr'><em>κόρη,</em></span> <span class='ocrx_word' id='word_1_138' title='bbox 1438 1589 1579 1657; x_wconf 89' lang='grc' dir='ltr'><em>μηδέ</em></span> <span class='ocrx_word' id='word_1_139' title='bbox 1602 1606 1695 1656; x_wconf 90' lang='grc' dir='ltr'><em>μοι</em></span> <span class='ocrx_word' id='word_1_140' title='bbox 1719 1588 1884 1654; x_wconf 84' lang='grc' dir='ltr'><em>γίνου</em></span> 
     </span>
     <span class='ocr_line' id='line_1_19' title="bbox 189 1670 1884 1741; baseline 0.001 -19"><span class='ocrx_word' id='word_1_141' title='bbox 189 1674 303 1722; x_wconf 73' lang='grc' dir='ltr'><em>τῶν</em></span> <span class='ocrx_word' id='word_1_142' title='bbox 330 1675 645 1739; x_wconf 74' lang='grc' dir='ltr'><em>συμφορῶν</em></span> <span class='ocrx_word' id='word_1_143' title='bbox 670 1672 1010 1739; x_wconf 87' lang='grc' dir='ltr'><em>βαρύτερος,</em></span> <span class='ocrx_word' id='word_1_144' title='bbox 1038 1673 1178 1740; x_wconf 84' lang='grc' dir='ltr'><em>μηδὲ</em></span> <span class='ocrx_word' id='word_1_145' title='bbox 1203 1674 1487 1740; x_wconf 86' lang='grc' dir='ltr'><em>τοσαύτην</em></span> <span class='ocrx_word' id='word_1_146' title='bbox 1514 1675 1657 1741; x_wconf 85' lang='grc' dir='ltr'><em>ἔχων</em></span> <span class='ocrx_word' id='word_1_147' title='bbox 1685 1670 1746 1724; x_wconf 84' lang='grc' dir='ltr'><em>ἐκ</em></span> <span class='ocrx_word' id='word_1_148' title='bbox 1770 1672 1884 1724; x_wconf 76' lang='grc' dir='ltr'><em>τῶν</em></span> 
     </span>
     <span class='ocr_line' id='line_1_20' title="bbox 190 1754 1883 1824; baseline 0.001 -17"><span class='ocrx_word' id='word_1_149' title='bbox 190 1756 597 1823; x_wconf 87' lang='grc' dir='ltr'><em>παρελθόντων</em></span> <span class='ocrx_word' id='word_1_150' title='bbox 646 1754 750 1823; x_wconf 78' lang='grc' dir='ltr'><em>τήν</em></span> <span class='ocrx_word' id='word_1_151' title='bbox 795 1754 917 1807; x_wconf 87' lang='grc' dir='ltr'><em>κατ’</em></span> <span class='ocrx_word' id='word_1_152' title='bbox 961 1755 1098 1823; x_wconf 87' lang='grc' dir='ltr'><em>ἐμοῦ</em></span> <span class='ocrx_word' id='word_1_153' title='bbox 1137 1757 1228 1810; x_wconf 84' lang='grc' dir='ltr'><em>διὰ</em></span> <span class='ocrx_word' id='word_1_154' title='bbox 1275 1761 1390 1808; x_wconf 78' lang='grc' dir='ltr'><em>τῶν</em></span> <span class='ocrx_word' id='word_1_155' title='bbox 1427 1759 1609 1824; x_wconf 82' lang='grc' dir='ltr'><em>ἔργων</em></span> <span class='ocrx_word' id='word_1_156' title='bbox 1648 1757 1883 1824; x_wconf 86' lang='grc' dir='ltr'><em>δοκιμα-</em></span> 
     </span>
     <span class='ocr_line' id='line_1_21' title="bbox 191 1837 1916 1910; baseline 0.001 -19"><span class='ocrx_word' id='word_1_157' title='bbox 191 1842 339 1907; x_wconf 93' lang='grc' dir='ltr'><em>σίαν,</em></span> <span class='ocrx_word' id='word_1_158' title='bbox 368 1838 427 1892; x_wconf 91' lang='grc' dir='ltr'><em>ἐκ</em></span> <span class='ocrx_word' id='word_1_159' title='bbox 454 1839 640 1907; x_wconf 90' lang='grc' dir='ltr'><em>λόγων</em></span> <span class='ocrx_word' id='word_1_160' title='bbox 669 1839 976 1907; x_wconf 87' lang='grc' dir='ltr'><em>ἐπικαίρων</em></span> <span class='ocrx_word' id='word_1_161' title='bbox 1003 1839 1094 1892; x_wconf 84' lang='grc' dir='ltr'><em>καὶ</em></span> <span class='ocrx_word' id='word_1_162' title='bbox 1123 1841 1261 1907; x_wconf 91' lang='grc' dir='ltr'><em>πρός</em></span> <span class='ocrx_word' id='word_1_163' title='bbox 1287 1860 1338 1892; x_wconf 92' lang='grc' dir='ltr'><em>τι</em></span> <span class='ocrx_word' id='word_1_164' title='bbox 1375 1843 1637 1910; x_wconf 77' lang='grc' dir='ltr'><em>χρειῶδες</em></span> <span class='ocrx_word' id='word_1_165' title='bbox 1663 1837 1883 1909; x_wconf 84' lang='grc' dir='ltr'><em>εἰρημέ-</em></span> <span class='ocrx_word' id='word_1_166' title='bbox 1911 1857 1916 1884; x_wconf 71' lang='lat'>1</span> 
     </span>
     <span class='ocr_line' id='line_1_22' title="bbox 191 1921 1884 1993; baseline 0 -17"><span class='ocrx_word' id='word_1_167' title='bbox 191 1944 308 1976; x_wconf 91' lang='grc' dir='ltr'><em>νων</em></span> <span class='ocrx_word' id='word_1_168' title='bbox 335 1923 436 1992; x_wconf 78' lang='grc' dir='ltr'><em>ἄγε</em></span> <span class='ocrx_word' id='word_1_169' title='bbox 464 1921 538 1976; x_wconf 85' lang='grc' dir='ltr'><em>δι’</em></span> <span class='ocrx_word' id='word_1_170' title='bbox 569 1921 830 1989; x_wconf 80' lang='grc' dir='ltr'><em>ὑποψίας.</em></span> <span class='ocrx_word' id='word_1_171' title='bbox 875 1926 923 1976; x_wconf 83' lang='grc' dir='ltr'><em>εἰ</em></span> <span class='ocrx_word' id='word_1_172' title='bbox 948 1924 1010 1976; x_wconf 78' lang='grc' dir='ltr'><em>δὲ</em></span> <span class='ocrx_word' id='word_1_173' title='bbox 1036 1924 1137 1993; x_wconf 89' lang='grc' dir='ltr'><em>μή,</em></span> <span class='ocrx_word' id='word_1_174' title='bbox 1165 1928 1378 1992; x_wconf 86' lang='grc' dir='ltr'><em>γίνεται</em></span> <span class='ocrx_word' id='word_1_175' title='bbox 1406 1923 1761 1992; x_wconf 79' lang='grc' dir='ltr'><em>τούναντίον,</em></span> <span class='ocrx_word' id='word_1_176' title='bbox 1788 1925 1884 1976; x_wconf 78' lang='grc' dir='ltr'><em>καὶ</em></span> 
     </span>
     <span class='ocr_line' id='line_1_23' title="bbox 189 2005 1884 2082; baseline -0.001 -22"><span class='ocrx_word' id='word_1_177' title='bbox 189 2011 404 2077; x_wconf 80' lang='grc' dir='ltr'><em>μᾶλλον</em></span> <span class='ocrx_word' id='word_1_178' title='bbox 431 2007 601 2071; x_wconf 83' lang='grc' dir='ltr'><em>αὐτὸς</em></span> <span class='ocrx_word' id='word_1_179' title='bbox 626 2008 1079 2082; x_wconf 77' lang='grc' dir='ltr'><em>μεταβάλλεσθαι</em></span> <span class='ocrx_word' id='word_1_180' title='bbox 1117 2010 1294 2073; x_wconf 81' lang='grc' dir='ltr'><em>δόξεις</em></span> <span class='ocrx_word' id='word_1_181' title='bbox 1317 2005 1355 2077; x_wconf 74' lang='grc' dir='ltr'><strong><em>ἦ</em></strong></span> <span class='ocrx_word' id='word_1_182' title='bbox 1390 2007 1884 2078; x_wconf 87' lang='grc' dir='ltr'><em>μεταβαλλομένην</em></span> 
     </span>
     <span class='ocr_line' id='line_1_24' title="bbox 191 2090 1878 2163; baseline 0.001 -18"><span class='ocrx_word' id='word_1_183' title='bbox 191 2090 465 2159; x_wconf 85' lang='grc' dir='ltr'><em>εὑρήσεις.</em></span> <span class='ocrx_word' id='word_1_184' title='bbox 543 2091 649 2161; x_wconf 75' lang='grc' dir='ltr'><em>ἐγώ</em></span> <span class='ocrx_word' id='word_1_185' title='bbox 688 2092 796 2160; x_wconf 79' lang='grc' dir='ltr'><em>γάρ</em></span> <span class='ocrx_word' id='word_1_186' title='bbox 835 2094 1136 2161; x_wconf 85' lang='grc' dir='ltr'><em>δυστυχεῖν</em></span> <span class='ocrx_word' id='word_1_187' title='bbox 1173 2096 1278 2163; x_wconf 78' lang='grc' dir='ltr'><em>μὲν</em></span> <span class='ocrx_word' id='word_1_188' title='bbox 1316 2092 1420 2147; x_wconf 81' lang='grc' dir='ltr'><em>οὐκ</em></span> <span class='ocrx_word' id='word_1_189' title='bbox 1459 2091 1766 2162; x_wconf 75' lang='grc' dir='ltr'><em>ἀρνοῦμαι,</em></span> <span class='ocrx_word' id='word_1_190' title='bbox 1805 2092 1878 2162; x_wconf 79' lang='grc' dir='ltr'><em>μὴ</em></span> 
     </span>
     <span class='ocr_line' id='line_1_25' title="bbox 191 2175 1882 2248; baseline -0.001 -17"><span class='ocrx_word' id='word_1_191' title='bbox 191 2186 513 2246; x_wconf 81' lang='grc' dir='ltr'><em>σωφρονεῖν</em></span> <span class='ocrx_word' id='word_1_192' title='bbox 540 2178 601 2230; x_wconf 84' lang='grc' dir='ltr'><em>δὲ</em></span> <span class='ocrx_word' id='word_1_193' title='bbox 637 2175 808 2230; x_wconf 82' lang='grc' dir='ltr'><em>οὐδὲν</em></span> <span class='ocrx_word' id='word_1_194' title='bbox 843 2176 987 2230; x_wconf 82' lang='grc' dir='ltr'><em>οὕτω</em></span> <span class='ocrx_word' id='word_1_195' title='bbox 1024 2181 1212 2246; x_wconf 85' lang='grc' dir='ltr'><em>βίαιον</em></span> <span class='ocrx_word' id='word_1_196' title='bbox 1239 2178 1382 2232; x_wconf 73' lang='grc' dir='ltr'><em>ὥστε</em></span> <span class='ocrx_word' id='word_1_197' title='bbox 1407 2198 1475 2246; x_wconf 91' lang='grc' dir='ltr'><em>με</em></span> <span class='ocrx_word' id='word_1_198' title='bbox 1499 2180 1882 2248; x_wconf 87' lang='grc' dir='ltr'><em>μεταπεισθῆ-</em></span> 
     </span>
     <span class='ocr_line' id='line_1_26' title="bbox 189 2258 1916 2332; baseline 0 -18"><span class='ocrx_word' id='word_1_199' title='bbox 189 2283 302 2316; x_wconf 91' lang='grc' dir='ltr'><em>ναι.</em></span> <span class='ocrx_word' id='word_1_200' title='bbox 379 2263 439 2315; x_wconf 76' lang='grc' dir='ltr'><em>ἓν</em></span> <span class='ocrx_word' id='word_1_201' title='bbox 478 2262 654 2330; x_wconf 91' lang='grc' dir='ltr'><em>μόνον</em></span> <span class='ocrx_word' id='word_1_202' title='bbox 680 2258 807 2315; x_wconf 83' lang='grc' dir='ltr'><em>οἶδα</em></span> <span class='ocrx_word' id='word_1_203' title='bbox 832 2264 903 2332; x_wconf 80' lang='grc' dir='ltr'><em>μὴ</em></span> <span class='ocrx_word' id='word_1_204' title='bbox 935 2268 1334 2330; x_wconf 86' lang='grc' dir='ltr'><em>σωφρονοῦσα,</em></span> <span class='ocrx_word' id='word_1_205' title='bbox 1374 2261 1472 2316; x_wconf 85' lang='grc' dir='ltr'><em>τὸν</em></span> <span class='ocrx_word' id='word_1_206' title='bbox 1500 2263 1556 2326; x_wconf 80' lang='grc' dir='ltr'><em>ἐξ</em></span> <span class='ocrx_word' id='word_1_207' title='bbox 1584 2261 1758 2330; x_wconf 81' lang='grc' dir='ltr'><em>ἀρχῆς</em></span> <span class='ocrx_word' id='word_1_208' title='bbox 1784 2261 1876 2315; x_wconf 83' lang='grc' dir='ltr'><em>ἐπὶ</em></span> <span class='ocrx_word' id='word_1_209' title='bbox 1905 2275 1916 2307; x_wconf 70' lang='lat'>⁵</span> 
     </span>
     <span class='ocr_line' id='line_1_27' title="bbox 191 2343 1880 2416; baseline -0.001 -18"><span class='ocrx_word' id='word_1_210' title='bbox 191 2347 279 2399; x_wconf 83' lang='grc' dir='ltr'><em>σοὶ</em></span> <span class='ocrx_word' id='word_1_211' title='bbox 306 2346 509 2415; x_wconf 75' lang='grc' dir='ltr'><em>πόθον,</em></span> <span class='ocrx_word' id='word_1_212' title='bbox 538 2344 679 2399; x_wconf 79' lang='grc' dir='ltr'><em>ἀλλὰ</em></span> <span class='ocrx_word' id='word_1_213' title='bbox 710 2349 803 2400; x_wconf 85' lang='grc' dir='ltr'><em>καὶ</em></span> <span class='ocrx_word' id='word_1_214' title='bbox 827 2351 1031 2402; x_wconf 89' lang='grc' dir='ltr'><em>τοῦτον</em></span> <span class='ocrx_word' id='word_1_215' title='bbox 1058 2352 1312 2416; x_wconf 87' lang='grc' dir='ltr'><em>ἔννομον.</em></span> <span class='ocrx_word' id='word_1_216' title='bbox 1356 2345 1424 2400; x_wconf 83' lang='grc' dir='ltr'><em>οὐ</em></span> <span class='ocrx_word' id='word_1_217' title='bbox 1444 2345 1552 2415; x_wconf 74' lang='grc' dir='ltr'><em>γὰρ</em></span> <span class='ocrx_word' id='word_1_218' title='bbox 1579 2343 1652 2408; x_wconf 76' lang='grc' dir='ltr'><em>ὥς</em></span> <span class='ocrx_word' id='word_1_219' title='bbox 1673 2346 1880 2416; x_wconf 83' lang='grc' dir='ltr'><em>ἐραστῇ</em></span> 
     </span>
     <span class='ocr_line' id='line_1_28' title="bbox 190 2425 1880 2501; baseline -0.001 -17"><span class='ocrx_word' id='word_1_220' title='bbox 190 2431 496 2499; x_wconf 88' lang='grc' dir='ltr'><em>πειθομένη</em></span> <span class='ocrx_word' id='word_1_221' title='bbox 555 2425 679 2483; x_wconf 75' lang='grc' dir='ltr'><em>ἀλλ’</em></span> <span class='ocrx_word' id='word_1_222' title='bbox 723 2454 795 2495; x_wconf 88' lang='grc' dir='ltr'><em>ως</em></span> <span class='ocrx_word' id='word_1_223' title='bbox 845 2431 1011 2501; x_wconf 84' lang='grc' dir='ltr'><em>ἀνδρι</em></span> <span class='ocrx_word' id='word_1_224' title='bbox 1057 2435 1377 2501; x_wconf 86' lang='grc' dir='ltr'><em>συνθεμένη</em></span> <span class='ocrx_word' id='word_1_225' title='bbox 1439 2430 1503 2484; x_wconf 93' lang='grc' dir='ltr'><em>τό</em></span> <span class='ocrx_word' id='word_1_226' title='bbox 1547 2450 1607 2484; x_wconf 90' lang='grc' dir='ltr'><em>τε</em></span> <span class='ocrx_word' id='word_1_227' title='bbox 1653 2448 1880 2496; x_wconf 87' lang='grc' dir='ltr'><em>πρωτον</em></span> 
     </span>
     <span class='ocr_line' id='line_1_29' title="bbox 191 2512 1879 2591; baseline -0.001 -23"><span class='ocrx_word' id='word_1_228' title='bbox 191 2513 440 2585; x_wconf 89' lang='grc' dir='ltr'><em>ἐμαυτην</em></span> <span class='ocrx_word' id='word_1_229' title='bbox 489 2514 770 2582; x_wconf 87' lang='grc' dir='ltr'><em>ἐπέδωκα,</em></span> <span class='ocrx_word' id='word_1_230' title='bbox 820 2537 913 2589; x_wconf 87' lang='grc' dir='ltr'><em>και</em></span> <span class='ocrx_word' id='word_1_231' title='bbox 961 2519 1057 2589; x_wconf 82' lang='grc' dir='ltr'><em>εἰς</em></span> <span class='ocrx_word' id='word_1_232' title='bbox 1059 2514 1579 2591; x_wconf 29' lang='grc' dir='ltr'><em>,δεῦροῴδιεᾉτε-’λε-σα</em></span> <span class='ocrx_word' id='word_1_233' title='bbox 1617 2512 1879 2581; x_wconf 81' lang='grc' dir='ltr'><em>καθαρὰν</em></span> 
     </span>
     <span class='ocr_line' id='line_1_30' title="bbox 192 2586 1880 2679; baseline -0.002 -26"><span class='ocrx_word' id='word_1_234' title='bbox 192 2598 440 2679; x_wconf 78' lang='grc' dir='ltr'><em>ἐμαυτην</em></span> <span class='ocrx_word' id='word_1_235' title='bbox 465 2600 558 2652; x_wconf 86' lang='grc' dir='ltr'><em>καὶ</em></span> <span class='ocrx_word' id='word_1_236' title='bbox 585 2597 691 2653; x_wconf 78' lang='grc' dir='ltr'><em>ἀπὸ</em></span> <span class='ocrx_word' id='word_1_237' title='bbox 718 2604 815 2670; x_wconf 85' lang='grc' dir='ltr'><em>τῆς</em></span> <span class='ocrx_word' id='word_1_238' title='bbox 835 2606 936 2669; x_wconf 83' lang='grc' dir='ltr'><em>σῆς</em></span> <span class='ocrx_word' id='word_1_239' title='bbox 962 2586 1194 2675; x_wconf 80' lang='grc' dir='ltr'><em>ὁμιλιας</em></span> <span class='ocrx_word' id='word_1_240' title='bbox 1200 2586 1880 2668; x_wconf 49' lang='grc' dir='ltr'><em>φυλαττουσαζπολλακις</em></span> 
     </span>
     <span class='ocr_line' id='line_1_31' title="bbox 190 2681 1916 2754; baseline -0.001 -17"><span class='ocrx_word' id='word_1_241' title='bbox 190 2685 293 2754; x_wconf 82' lang='grc' dir='ltr'><em>μὲν</em></span> <span class='ocrx_word' id='word_1_242' title='bbox 342 2685 733 2752; x_wconf 90' lang='grc' dir='ltr'><em>ἐπιχειροῦντα</em></span> <span class='ocrx_word' id='word_1_243' title='bbox 782 2685 1123 2753; x_wconf 86' lang='grc' dir='ltr'><em>διωσαμένη,</em></span> <span class='ocrx_word' id='word_1_244' title='bbox 1173 2684 1272 2737; x_wconf 84' lang='grc' dir='ltr'><em>τὸν</em></span> <span class='ocrx_word' id='word_1_245' title='bbox 1320 2683 1381 2736; x_wconf 89' lang='grc' dir='ltr'><em>δε</em></span> <span class='ocrx_word' id='word_1_246' title='bbox 1430 2683 1482 2747; x_wconf 81' lang='grc' dir='ltr'><em>ἐξ</em></span> <span class='ocrx_word' id='word_1_247' title='bbox 1529 2681 1704 2751; x_wconf 82' lang='grc' dir='ltr'><em>αρχῆς</em></span> <span class='ocrx_word' id='word_1_248' title='bbox 1739 2681 1916 2752; x_wconf 74' lang='grc' dir='ltr'><em>ἡμῖνε</em></span> 
     </span>
     <span class='ocr_line' id='line_1_32' title="bbox 191 2766 1879 2838; baseline -0.002 -16"><span class='ocrx_word' id='word_1_249' title='bbox 191 2770 562 2836; x_wconf 89' lang='grc' dir='ltr'><em>συγκείμενόν</em></span> <span class='ocrx_word' id='word_1_250' title='bbox 601 2789 658 2822; x_wconf 90' lang='grc' dir='ltr'><em>τε</em></span> <span class='ocrx_word' id='word_1_251' title='bbox 704 2771 798 2822; x_wconf 88' lang='grc' dir='ltr'><em>και</em></span> <span class='ocrx_word' id='word_1_252' title='bbox 847 2769 1131 2838; x_wconf 78' lang='grc' dir='ltr'><em>ἐνώμοτον</em></span> <span class='ocrx_word' id='word_1_253' title='bbox 1171 2769 1262 2822; x_wconf 90' lang='grc' dir='ltr'><em>ἐπι</em></span> <span class='ocrx_word' id='word_1_254' title='bbox 1299 2767 1454 2819; x_wconf 87' lang='grc' dir='ltr'><em>παισὶ</em></span> <span class='ocrx_word' id='word_1_255' title='bbox 1492 2766 1676 2836; x_wconf 88' lang='grc' dir='ltr'><em>γάμον</em></span> <span class='ocrx_word' id='word_1_256' title='bbox 1713 2769 1879 2819; x_wconf 79' lang='grc' dir='ltr'><em>ἔνθε-</em></span> 
     </span>
     <span class='ocr_line' id='line_1_33' title="bbox 190 2844 1878 2923; baseline -0.002 -18"><span class='ocrx_word' id='word_1_257' title='bbox 190 2867 334 2921; x_wconf 88' lang='grc' dir='ltr'><em>σμον</em></span> <span class='ocrx_word' id='word_1_258' title='bbox 361 2857 416 2906; x_wconf 80' lang='grc' dir='ltr'><em>εἴ</em></span> <span class='ocrx_word' id='word_1_259' title='bbox 435 2872 511 2923; x_wconf 83' lang='grc' dir='ltr'><em>πῃ</em></span> <span class='ocrx_word' id='word_1_260' title='bbox 536 2856 755 2922; x_wconf 88' lang='grc' dir='ltr'><em>γένοιτο</em></span> <span class='ocrx_word' id='word_1_261' title='bbox 783 2857 1222 2922; x_wconf 84' lang='grc' dir='ltr'><em>περισκοποῦσά.</em></span> <span class='ocrx_word' id='word_1_262' title='bbox 1260 2854 1377 2914; x_wconf 75' lang='grc' dir='ltr'><em>πῶς</em></span> <span class='ocrx_word' id='word_1_263' title='bbox 1400 2844 1507 2904; x_wconf 79' lang='grc' dir='ltr'><em>οὖν</em></span> <span class='ocrx_word' id='word_1_264' title='bbox 1533 2845 1640 2904; x_wconf 87' lang='grc' dir='ltr'><em>ούκ</em></span> <span class='ocrx_word' id='word_1_265' title='bbox 1666 2845 1736 2903; x_wconf 73' lang='grc' dir='ltr'><em>ἂν</em></span> <span class='ocrx_word' id='word_1_266' title='bbox 1763 2855 1878 2919; x_wconf 84' lang='grc' dir='ltr'><em>εἴης</em></span> 
     </span>
    </p>
   </div>
   <div class='ocr_carea' id='block_1_3' title="bbox 1101 2585 1258 2589">
    <p class='ocr_par' dir='ltr' id='par_1_3' title="bbox 1101 2585 1258 2589">
     <span class='ocr_line' id='line_1_34' title="bbox 1101 2585 1258 2589; baseline 0 0"><span class='ocrx_word' id='word_1_267' title='bbox 1101 2585 1258 2589; x_wconf 95' lang='lat' dir='ltr'><em> </em></span> 
     </span>
    </p>
   </div>
   <div class='ocr_carea' id='block_1_4' title="bbox 1224 2668 1461 2675">
    <p class='ocr_par' dir='ltr' id='par_1_4' title="bbox 1224 2668 1461 2675">
     <span class='ocr_line' id='line_1_35' title="bbox 1224 2668 1461 2675; baseline 0 457"><span class='ocrx_word' id='word_1_268' title='bbox 1224 2668 1461 2675; x_wconf 95' lang='lat' dir='ltr'><em> </em></span> 
     </span>
    </p>
   </div>
   <div class='ocr_carea' id='block_1_5' title="bbox 1418 3089 1449 3104">
    <p class='ocr_par' dir='ltr' id='par_1_5' title="bbox 1418 3089 1449 3104">
     <span class='ocr_line' id='line_1_36' title="bbox 1418 3089 1449 3104; baseline 0 0"><span class='ocrx_word' id='word_1_269' title='bbox 1418 3089 1449 3104; x_wconf 61' lang='lat' dir='ltr'><em>A</em></span> 
     </span>
    </p>
   </div>
  </div>
 </body>
</html>
