1916 3132
748 131 874 177 CAP.
906 131 1180 177 xm-xw
1382 122 1386 126 ’
1692 132 1802 187 263

35 278 37 282 ⁴
114 253 423 323 discruciat,
465 253 532 306 ad
569 253 875 324 religiosam
915 254 1073 308 istam
1110 254 1480 308 habitudinem
1499 251 1804 324 'improuida

113 328 368 398 produxit
405 328 624 381 malitia.
701 331 789 381 eat
833 347 974 381 nunc
1014 332 1068 381 et
1114 347 1323 382 summo
1370 329 1550 382 furore
1596 329 1803 383 saeuiat

114 406 169 456 et
206 402 511 456 crudelitati
550 421 676 455 suae
715 402 1025 472 [p.214.E.]
1065 404 1341 456 materiem
1374 406 1594 472 quaerat
1625 403 1799 456 aliam.

113 495 239 530 nam
277 477 333 529 in
372 495 462 530 eos
495 495 723 545 quorum
754 477 858 530 sibi
890 478 1031 529 uitas
1064 477 1394 547 [seruitium]
1428 478 1554 531 deae
1586 481 1799 532 nostrae

42 573 89 607 .5
112 551 363 604 maiestas
408 551 726 620 uindicauit,
773 569 881 603 non
927 551 1089 604 habet
1134 552 1311 605 locum
1358 570 1512 605 casus
1557 552 1798 606 infestus

112 625 244 694 quid
280 624 537 694 latrones,
584 625 714 694 quid
750 625 907 694 ferae,
955 626 1083 695 quid
1123 626 1420 696 seruitium,
1458 626 1589 695 quid
1626 645 1799 696 asper-

111 699 370 752 rimorum
430 699 684 752 itinerum
746 700 997 770 amba‘ges
1058 701 1380 770 reciprocae,
1442 701 1572 769 quid
1623 704 1799 755 metus

110 773 300 826 mortis
339 773 634 826 cotidianae
681 774 913 827 nefariae
951 774 1220 827 Fortunae
1266 775 1506 844 profuit?
1568 775 1623 828 in
1662 778 1798 829 tute·

109 847 217 900 lam
254 848 362 900 iam
401 851 645 917 receptus
685 867 741 902 es
771 848 1040 902 Fortunae
1079 850 1171 902 sed
1209 850 1459 918 uidentiS,
1498 868 1632 918 quae
1671 868 1798 903 suae

41 946 87 981 ιο
107 921 244 975 lucis
295 921 575 990 splendore
626 926 830 976 ceteros
885 923 1046 976 etiam
1101 924 1226 976 deos
1275 924 1557 976 illuminat.
1647 943 1798 977 sume

108 995 216 1050 iam
250 996 463 1050 uultum
493 997 770 1051 laetiorem
795 998 1018 1050 candido
1043 991 1155 1050 isto‘
1172 996 1372 1050 habitu*
1386 1002 1480 1051 tuo
1506 1017 1605 1051 con
1673 1016 1797 1051 uen-
1826 995 1916 1051 Ὁ.

109 1073 235 1139 tem,
258 1071 512 1124 comitare
536 1090 788 1140 pompam
813 1072 939 1125 deae
964 1072 1319 1141 sospitatricis
1345 1015 1796 1143 inouantigadu.

108 1144 326 1198 uideant
364 1145 682 1215 inreligiosi,
727 1146 946 1199 uideant
984 1150 1038 1199 et
1076 1165 1307 1199 errorem
1349 1166 1505 1200 suum
1544 1164 1795 1217 recogno-

105 1222 270 1272 scant.
316 1219 401 1272 ‘en
439 1238 558 1273 ecce
597 1221 843 1288 pristinis
882 1221 1150 1273 aerumnis
1189 1221 1467 1274 absolutus
1498 1220 1657 1274 Isidis
1689 1240 1796 1274 ma·

38 1315 82 1350 15
107 1309 243 1363 gnae
281 1294 615 1362 prouidentia
646 1295 881 1364 gaudens
910 1295 1109 1347 Lucius
1142 1295 1205 1348 de
1238 1314 1334 1347 sua
1363 1295 1580 1348 fortuna
1609 1296 1795 1349 trium·

104 1366 273 1436 phat?
316 1386 422 1437 quo
462 1372 641 1421 tamen
680 1370 848 1422 tutior
887 1370 960 1422 sis
1001 1372 1160 1438 atque
1192 1370 1465 1438 munitior,
1504 1370 1571 1440 da
1600 1381 1913 1442 nomer-14²5«

105 1445 318 1495 sanctae
349 1442 475 1495 huic
505 1443 749 1512 militiae,
784 1444 934 1496 cuius
968 1462 1074 1495 non
1107 1444 1235 1496 olim
1268 1448 1599 1503 sacramento
1632 1445 1795 1498 etiam
1899 1442 1902 1451 ⁴

103 1517 388 1586 rogaberiS,
434 1520 592 1586 teque
631 1518 737 1570 iam
777 1537 918 1570 nunc
966 1518 1222 1587 obsequio
1262 1514 1539 1588 religionis
1577 1523 1795 1572 nostrae

103 1589 288 1643 dedica
317 1594 372 1644 et
402 1591 688 1645 ministerii
719 1592 905 1662 iugum
931 1592 1051 1644 subi
1075 1592 1453 1645 uoluntarium.
1515 1611 1640 1645 nam
1672 1612 1794 1646 cum

33 1687 81 1720 20
103 1665 340 1733 coeperis
381 1665 507 1719 deae
539 1667 755 1735 seruire,
793 1670 921 1719 tunc
959 1667 1131 1737 magis
1171 1668 1368 1720 senties
1400 1667 1637 1720 fructum
1669 1671 1794 1720 tuae

101 1737 413 1791 libertatis?

211 1812 356 1866 XVI.
396 1812 482 1866 Ad
524 1814 689 1866 istum
735 1815 953 1867 modum
992 1815 1317 1868 uaticinatus
1361 1815 1606 1868 sacerdos
1647 1832 1791 1885 egre-

101 1883 528 1957 gius-ffatigatos
578 1876 845 1941 anhelitus
893 1888 1429 1946 trahenssconticuit.
1506 1890 1629 1942 exin
1675 1908 1791 1957 per·

100 1961 302 2014 mixtus
333 1962 538 2031 agmini
568 1962 819 2033 religioso
851 1964 1141 2032 procedens
1174 1964 1468 2016 comitabar
1499 1964 1790 2017 sacrarium

29 2057 78 2093 2⁶
101 2037 245 2088 totae
299 2036 506 2088 ciuitati
560 2040 721 2090 notus
769 2056 829 2090 ac
883 2038 1224 2106 conspicUUS,
1278 2037 1464 2106 digitis
1508 2037 1789 2091 hominum

99 2109 425 2179 nutibusque
464 2111 731 2163 notabilis
809 2130 993 2164 omnes
1033 2112 1088 2163 in
1131 2130 1215 2163 me
1255 2110 1441 2179 populi
1478 2111 1788 2164 fabulaban-

98 2185 188 2235 tur
232 2183 394 2244 ‘hunc
443 2186 826 2255 omnipotentis
879 2185 1037 2238 hodie
1085 2186 1211 2238 deae
1257 2187 1454 2237 numen
1501 2189 1789 2256 augustum

98 2242 411 2321 reformauit
456 2259 523 2311 ad
567 2259 825 2312 homines.
908 2259 1038 2311 felix
1083 2259 1326 2311 hercules
1373 2262 1427 2312 et
1472 2262 1554 2312 ter
1598 2260 1788 2314 beatus

13 2384 15 2387 ,
83 2318 192 2399 Τῷιί
230 2330 372 2384 uitae
418 2333 623 2387 scilicet
668 2333 1032 2403 praecedentis
1079 2325 1383 2386 innocentia
1420 2334 1632 2403 fideque
1679 2354 1786 2388 me·

216 2525 242 2564 2
274 2521 493 2578 perduxit
523 2525 554 2568 ὃ
672 2530 701 2570 4
733 2523 1018 2583 [seruitium]
1049 2525 1211 2569 seclusi
1256 2523 1378 2583 (in)
1411 2523 1658 2568 seruitium
1688 2524 1781 2570 Lu.

96 2613 124 2653 ὅ
156 2607 313 2654 locum
341 2609 402 2654 F*
429 2626 515 2670 my.
541 2629 576 2669 φ
623 2612 751 2658 locus
783 2613 886 2668 F¹<p
996 2617 1049 2656 12
1082 2594 1404 2670 ⁵⁰⁸spitatricis
1437 2630 1472 2668 φ
1568 2611 1786 2658 inouanti

95 2667 247 2714 Aldus
276 2668 535 2714 innouandi
550 2672 649 2717 cdd.
667 2671 933 2730 (innouanti
950 2671 1025 2728 φ’)
1115 2676 1170 2716 15
1193 2671 1493 2729 prouidentia
1511 2671 1635 2716 Golu.
1675 2687 1784 2730 pru-

92 2726 260 2772 dentia
276 2729 375 2774 cdd.
393 2730 450 2785 cf.
468 2723 660 2787 '212193
687 2736 786 2776 216.
804 2736 850 2786 73
876 2735 975 2775 218.
993 2735 1019 2774 3
1043 2732 1108 2776 sic
1132 2733 1162 2776 ὃ
1185 2735 1355 2775 223.13
1379 2732 1510 2776 habet
1531 2731 1784 2788 prudentia

96 2819 167 2862 1⁷.
186 2819 242 2860 18
288 2816 749 2876 cuius—rogaueris
781 2821 973 2865 inducta
1004 2821 1056 2864 in
1085 2819 1121 2862 F
1215 2823 1269 2864 18
1301 2792 1542 2876 rogafi'gris
1574 2820 1611 2864 F
1645 2835 1784 2878 roga-

8 2929 11 2931 ·
93 2874 224 2920 baris
253 2876 359 2933 φΕ.
406 2878 647 2935 rogaberis
679 2881 709 2924 ὃ
741 2879 863 2924 Gelu.
969 2884 1026 2923 20
1057 2881 1198 2925 *tunc
1230 2879 1266 2922 F
1310 2882 1367 2924 τδ
1397 2897 1433 2935 φ
1525 2885 1581 2924 25
1613 2882 1713 2925 tote
1743 2880 1782 2925 F

10 2956 17 2997 .'
92 2933 187 2979 toti
217 2935 294 2992 φδ
413 2941 469 2981 28
499 2936 736 2983 hominem
767 2940 796 2982 δ
