1916 3132
87 1881 151 1933 31

160 53 229 107 36
756 131 759 134 .
864 59 1157 108 ΠΡΩΤΟΝ

164 192 270 263 τήν
294 194 475 264 μάχην
503 198 724 263 φράσας
763 175 1363 266 κλοτοπεύονταςίπερὶ
1390 198 1451 250 τὸ
1480 198 1737 266 νησίδιον
1763 199 1855 251 καὶ

166 280 258 332 διὰ
285 282 398 332 τῶν
432 278 590 349 πέριξ
619 280 764 332 ἑλῶν
793 283 1073 349 κρυφίους
1097 280 1194 343 τὰς
1221 280 1457 350 ἐμβολὰς
1484 281 1857 349 ποιουμένους

165 362 485 433 (ἀγαπητῶς
517 363 626 432 γάρ
654 363 726 417 ἂν
754 362 846 417 καὶ
873 363 1050 426 οὕτως
1076 363 1358 433 ἀντισχεῖν
1385 366 1523 433 πρὸς
1547 366 1610 419 τὸ
1637 368 1857 434 πλῆθος

162 453 277 501 τῶν
304 451 641 517 πολεμίων),
679 446 847 511 αὐτὸς
874 450 1053 517 δῆθεν
1087 447 1162 511 ὥς
1197 444 1295 502 τὸν
1323 451 1645 518 Θέρμουθιν
1672 450 1856 520 ἐπιζη-

162 532 350 601 τήσων
378 533 472 585 καὶ
497 542 612 594 τοῖς
638 532 839 595 ἐστίοις
865 539 1020 595 θεοῖς
1055 534 1485 601 κατευξάμενος,
1524 535 1766 588 ἕπεσθαί
1798 553 1857 588 τε

162 618 362 685 μηδενὶ
389 618 774 685 συγχωρήσας,
805 618 896 670 ἐπὶ
922 616 983 670 τὸ
1013 619 1295 686 δωμάτιον
1324 617 1567 687 ἐμμανὴς
1592 617 1857 686 άνέστρε-

164 721 251 771 φε.
315 700 744 769 δυσανάκλητον
789 701 850 754 δὲ
876 700 1015 770 πρὸς
1042 701 1179 771 ὅπερ
1207 698 1279 754 ἂν
1307 698 1522 773 ὁρμήσῃ
1551 704 1613 756 τὸ
1639 702 1855 771 βάρβα-

165 805 268 855 ρον
305 779 472 854 ἦθος·
532 780 639 837 κᾶν
665 783 895 855 άπογνῷ
921 783 1023 855 τὴν
1051 786 1229 840 αὑτοῦ
1255 790 1555 856 σωτηρίαν,
1583 806 1857 856 προαναι-

165 879 287 938 ρεῖν
314 869 466 922 ἅπαν
490 870 550 922 τὸ
581 873 750 938 φίλον
780 875 1002 939 εἴωθεν,
1030 870 1152 939 ἤτοι
1181 872 1522 924 συνέσεσθαι
1547 870 1738 934 αὐτοῖς
1763 870 1856 925 καὶ

164 952 298 1024 μετὰ
348 951 601 1007 θάνατον
659 951 1058 1023 ἀπατώμενον,
1115 950 1152 1022 ἦ
1206 953 1391 1023 χειρὸς
1445 958 1710 1023 πολεμίας
1763 953 1858 1008 καὶ

164 1037 383 1107 ὕβρεως
424 1037 841 1106 ἐξαιρούμενον.
907 1037 1006 1107 ὑφ’
1037 1032 1118 1091 c3‘v
1157 1041 1249 1091 καὶ
1287 1039 1316 1092 6
1353 1041 1567 1108 Θύαμις
1603 1044 1718 1092 τῶν
1754 1041 1857 1108 μὲν

166 1122 228 1175 ἐν
256 1124 410 1191 χερσὶ
438 1122 666 1175 πάντων
688 1122 1104 1192 άμνημονήσας,
1132 1124 1225 1176 καὶ
1245 1127 1417 1177 ταῦτα
1438 1125 1629 1191 ὥσπερ
1651 1123 1858 1192 ἄρκυσι

162 1217 278 1269 τοῖς
312 1209 597 1275 πολεμίοις
632 1209 1082 1276 κεκυκλωμένος,
1131 1211 1294 1278 ἔρωτι
1331 1209 1391 1262 δὲ
1429 1210 1519 1262 καὶ
1557 1212 1858 1280 ζηλοτυπία

164 1293 257 1344 καὶ
283 1294 451 1360 θυμῷ
477 1291 726 1359 κάτοχος,
758 1293 848 1345 ἐπὶ
875 1290 935 1345 τὸ
964 1293 1240 1361 σπήλαιον
1269 1291 1455 1345 ἐλθών
1482 1289 1563 1365 ὡς
1581 1289 1690 1361 εἶχε
1716 1293 1857 1361 δρό-

163 1396 292 1444 μου,
321 1374 737 1443 καθαλόμενος,
779 1375 994 1444 ἐμβοῶν
1019 1397 1078 1430 τε
1103 1379 1243 1446 μέγα
1270 1379 1362 1430 καὶ
1387 1375 1454 1430 τὰ
1481 1376 1661 1430 πολλοὶ
1689 1379 1853 1445 αἰγυ-

165 1461 424 1525 πτιάζων,
447 1457 625 1512 αὐτοῦ
646 1479 756 1512 που
778 1459 905 1529 περὶ
926 1458 988 1513 τὸ
1008 1462 1237 1529 στόμιον
1261 1461 1511 1530 ἐντυχών
1530 1481 1641 1513 τινι
1657 1460 1857 1531 Ἑλλη-

163 1545 279 1597 νίδι
316 1547 383 1614 τῇ
418 1544 637 1613 γλώττῃ
674 1546 1215 1616 προσφθεγγομένῃ,
1252 1544 1363 1599 άπὸ
1397 1549 1493 1614 τῆς
1534 1549 1729 1615 φωνῆς
1765 1543 1853 1600 ἐπ’

165 1626 343 1697 αὐτὴν
369 1627 804 1696 χειραγωγηθεὶς
826 1628 1115 1697 ἐπιβάλλει
1141 1650 1199 1682 τε
1224 1635 1291 1699 τῇ
1321 1633 1541 1699 κεφαλῇ
1567 1629 1673 1698 τὴν
1691 1627 1857 1683 λαιὰν

165 1722 341 1781 χεῖρα,
371 1712 463 1764 καὶ
492 1711 584 1763 δια
611 1716 726 1764 τῶν
755 1715 1004 1780 στέρνων
1030 1713 1180 1780 παρὰ
1207 1713 1306 1765 τόν
1331 1711 1504 1781 μαζὸν
1534 1714 1761 1766 ἐλαύνει
1793 1711 1854 1767 τὸ

167 1797 344 1864 ξίφος.

281 1880 373 1933 καὶ
399 1878 435 1950 ἢ
459 1881 563 1948 μὲν
589 1883 767 1933 ἔκειτο
794 1885 1034 1949 πικρῶς,
1077 1882 1324 1935 ἐλεεινόν
1349 1901 1408 1934 τε
1434 1881 1547 1949 ἅμα
1575 1882 1667 1935 καὶ
1693 1884 1857 1951 ἔσχα-

165 1985 265 2018 τον
293 1964 632 2032 κωκύσασα,
672 1962 703 2017 ὃ
730 1966 790 2018 δὲ
820 1964 1161 2033 άναδραμων
1189 1968 1281 2019 καὶ
1316 1964 1415 2019 τὸν
1444 1963 1619 2018 οὐδὸν
1646 1966 1854 2033 ἐπαγα-

166 2051 315 2118 γω’ν,
355 2051 449 2102 καὶ
487 2054 626 2117 χοῦν
660 2047 851 2117 ὀλίγον
889 2050 1258 2119 ἐπιφορήσας,
1300 2052 1392 2103 καὶ
1432 2050 1647 2103 ““ταῦτά
1674 2064 1762 2103 σοι
1787 2047 1855 2102 τοὶ

169 2132 303 2201 παρ’
330 2132 487 2202 ἡμῶν
513 2133 767 2202 νυμφικά
794 2135 999 2202 δῶρα”
1030 2136 1141 2187 σὺν
1163 2136 1441 2204 δάκρυσιν
1464 2135 1654 2201 εἰπών,
1685 2135 1782 2187 ἐπί
1794 2153 1854 2187 τε

167 2216 234 2270 τὰ
251 2216 438 2285 σκάφη
461 2219 932 2287 παραγενόμενος,
960 2223 1092 2282 τούς
1117 2240 1176 2272 τε
1202 2219 1409 2280 ἄλλους
1438 2218 1852 2286 καταλαμβάνει

169 2300 422 2370 δρασμὸν
448 2299 554 2370 ἤδη
580 2303 962 2369 βουλεύοντας
986 2309 1100 2357 τῶν
1127 2307 1409 2371 πολεμίων
1437 2302 1684 2370 ἐγγύθεν
1710 2299 1856 2371 ὁρω-

167 2386 373 2454 μένων,
410 2384 509 2438 τόν
543 2404 601 2437 τε
637 2388 962 2456 Θέρμουθιν
998 2387 1205 2457 ἥκοντα
1233 2387 1324 2440 καὶ
1359 2384 1421 2439 τὸ
1453 2387 1659 2454 ἱερεῖον
1683 2404 1849 2453 μετα,

168 2469 562 2539 χειριζόμενον.
638 2474 728 2524 καὶ
768 2470 864 2524 τὸν
903 2472 1005 2541 μὲν
1043 2470 1542 2540 λοιδορησάμενος,
1584 2466 1758 2522 εἰπών
1795 2488 1853 2522 τε

173 2552 247 2616 ὦς
274 2556 421 2623 ἔφθη
448 2552 510 2607 τὸ
539 2556 838 2609 κάλλιστον
860 2557 1132 2624 θυμάτων
1159 2554 1548 2624 ἱερουργήσας,
1579 2555 1855 2621 ἐπιβαίνει

171 2657 230 2691 τε
267 2642 368 2691 τοῦ
408 2638 665 2706 σκάφους
703 2638 868 2703 αὐτὸς
906 2642 998 2693 καὶ
1037 2639 1065 2693 6
1108 2638 1425 2707 Θέρμουθις
1463 2639 1555 2689 καὶ
1593 2640 1776 2706 τρίτος
1821 2635 1849 2689 6

174 2724 388 2791 ἐρέτης·
429 2720 497 2775 οὐ
522 2720 629 2791 γὰρ
657 2727 918 2787 πλείονας
945 2719 1035 2778 οἷά
1060 2745 1117 2777 τε
1153 2725 1348 2792 φέρειν
1373 2720 1438 2775 τά
1467 2726 1692 2789 λιμναῖα
1720 2719 1855 2772 σκά-

173 2826 278 2876 φη,
318 2803 427 2861 άπό
453 2807 634 2875 μόνον
671 2807 845 2871 ξύλου
881 2810 973 2862 καὶ
1011 2811 1264 2878 πρέμνον
1290 2805 1489 2874 παχέος
1514 2805 1638 2867 ἑνὸς
1663 2803 1855 2872 ἄγροι-

1887 975 1916 1008 1(

1885 1815 1916 1848 2(

1881 2633 1916 2686 2³2(
