1916 3132
133 66 206 119 42
859 67 1025 113 LIBRI
1053 69 1097 113 H

134 190 254 243 ‘tibi
300 190 510 242 iuuenis
565 189 765 259 gratias
818 190 1028 259 agimus
1074 193 1128 243 et
1171 190 1414 244 hercules
1461 192 1530 244 ob
1577 192 1821 247 sedulum

133 265 280 318 istud
329 264 688 316 ministerium
734 264 876 316 inter
921 267 1125 318 ceteros
1170 264 1460 318 familiares
1499 266 1689 320 dehinc
1726 285 1821 320 nu-

131 338 491 392 merabimus?

242 413 335 466 Ad.
373 412 505 465 haec
551 430 649 482 ego
696 412 966 481 insperato
1015 413 1163 466 lucro
1204 413 1429 466 diffusus
1469 414 1526 467 in
1565 415 1819 485 gaudium

132 492 185 541 et
231 489 287 540 in
335 505 522 540 aureos
569 486 911 556 refulgentes,
962 506 1095 556 quos
1143 488 1433 541 identidem
1485 508 1648 543 manu
1700 508 1818 542 mea
1840 510 1862 544 5

131 562 459 615 uentilabam
492 561 754 614 attonitus
789 561 991 614 ‘immo'
1022 562 1241 631 inquam
1274 563 1524 632 ‘domina,
1556 563 1619 616 de
1649 563 1817 617 famu-

129 637 197 689 lis
236 637 345 689 tuis
384 654 551 688 unum
590 638 779 704 putato
819 639 872 688 et
911 636 1159 704 quotiens
1199 655 1415 706 operam
1452 641 1692 690 nostram
1732 638 1816 691 de-

131 710 404 779 siderabiS,
442 710 669 762 fidenter
706 710 943 779 impera.'

241 784 351 838 Vix
389 785 608 837 effatum
646 803 732 837 me
772 784 955 836 statim
1000 785 1290 838 familiares
1337 804 1520 839 omnes
1551 786 1815 839 nefarium

130 859 390 913 exsecrati
421 859 589 928 raptis
622 859 879 927 cuiusque
909 859 1055 911 modi
1086 859 1208 911 telis
1241 860 1564 912 insecuntur.
1618 860 1814 931 pugnis
1839 882 1883 914 ιο

128 934 218 987 ille
264 934 433 986 malas
481 933 768 1000 offendere,
814 933 1058 1001 scapulas
1105 933 1240 985 alius
1280 933 1477 986 cubitis
1523 934 1814 1004 inpingere,

127 1009 321 1078 palmis
361 1008 571 1060 infestis
609 1007 698 1060 hic
735 1007 903 1059 latera
942 1007 1220 1076 suffodere,
1270 1007 1504 1060 calcibus
1542 1008 1814 1078 insultare,

128 1082 320 1151 capillo
355 1081 663 1150 distrahere,
698 1084 903 1133 uestem
936 1080 1244 1134 discindere.
1286 1082 1363 1134 sic
1394 1082 1450 1134 in
1480 1082 1699 1135 modum
1730 1101 1814 1136 su·

126 1157 278 1226 perbi
316 1157 527 1209 iuuenis
565 1155 711 1208 Aoni
749 1155 837 1208 uel
873 1158 1080 1224 mystae
1119 1156 1259 1208 uatis
1291 1155 1515 1226 Pimplei
1549 1156 1812 1210 laceratus

128 1235 287 1300 atque
328 1231 627 1299 discerptus
666 1230 823 1282 domo
862 1230 1164 1298 proturbor.
1839 1251 1882 1285 15

237 1303 462 1357 XXVII.
501 1304 582 1357 Ac
607 1305 733 1356 dum
758 1305 814 1356 in
837 1304 1083 1372 proxima
1105 1305 1282 1373 platea
1305 1304 1551 1357 refouens
1577 1305 1814 1358 animum

126 1380 350 1432 infausti
389 1383 549 1448 atque
587 1378 858 1447 inprouidi
897 1379 1157 1432 sermonis
1195 1379 1302 1432 mei
1348 1396 1464 1431 sero
1502 1379 1816 1432 reminiscor

127 1454 454 1523 dignumque
500 1472 585 1506 me
632 1453 877 1521 pluribus
932 1453 1005 1522 [p.
1038 1452 1122 1505 35.
1150 1452 1238 1522 E]
1288 1453 1448 1505 etiam
1502 1453 1814 1506 uerberibus

124 1528 291 1580 fuisse
315 1528 507 1581 merito
532 1528 823 1596 consentiO,
855 1545 973 1580 ecce
997 1527 1104 1579 iam
1128 1527 1380 1580 ultimum
1406 1527 1628 1580 defletus
1653 1530 1812 1596 atque

125 1603 488 1655 conclamatus
526 1605 858 1670 processerat
895 1605 1140 1654 mortuus
1172 1602 1386 1670 rituque
1418 1602 1592 1670 patrio
1624 1604 1812 1670 utpote
1836 1622 1880 1656 20

124 1695 263 1729 unus
304 1676 366 1728 de
407 1676 756 1744 optimatibus
795 1694 992 1743 pompa
1026 1676 1229 1728 funeris
1259 1675 1463 1744 publici
1495 1675 1813 1728 ductabatur

124 1769 220 1819 per
256 1750 447 1802 forum.
527 1750 757 1802 occurrit
797 1752 997 1801 atratus
1039 1750 1255 1818 quidam
1293 1753 1528 1803 maestus
1567 1750 1624 1801 in
1661 1749 1812 1802 lacri-

123 1825 227 1877 mis
283 1824 545 1894 genialem
607 1823 854 1875 canitiem
916 1824 1177 1876 reuellens
1236 1842 1398 1876 senex
1459 1827 1512 1876 et
1564 1823 1811 1876 manibus

125 1899 383 1951 ambabus
430 1898 686 1951 inuadens
733 1900 911 1949 torum
965 1915 1095 1950 uoce
1147 1900 1396 1949 contenta
1450 1897 1664 1966 quidem
1718 1897 1812 1950 sed

124 1973 360 2025 adsiduis
400 1972 726 2042 singultibus
765 1971 1022 2039 impedita
1069 1971 1182 2039 tper
1226 1971 1386 2023 fidem
1432 1971 1687 2023 uestram'
1733 1971 1810 2023 in·
1835 1991 1879 2026 25

126 2048 244 2116 quit
293 2046 546 2110 ‘Quirites
555 2089 569 2115 ,
618 2064 713 2115 per
761 2045 1017 2114 pietatem
1063 2044 1331 2113 publicam
1378 2048 1654 2113 perempto
1705 2045 1812 2098 ciui

124 2121 402 2174 subsistite
435 2124 488 2173 et
512 2124 810 2173 extremum
833 2119 1040 2171 facinus
1065 2119 1121 2170 in
1145 2119 1402 2171 nefariam
1428 2118 1811 2188 scelestamque

123 2195 283 2248 istam
306 2195 561 2247 feminam
591 2194 848 2247 seueriter
878 2193 1158 2245 uindicate.
1210 2192 1342 2245 haec
1374 2193 1516 2244 enim
1547 2211 1644 2245 nec
1667 2192 1810 2245 ullus

125 2269 260 2322 alius
311 2269 566 2321 miserum
619 2268 1033 2337 adulescentem,
1087 2267 1284 2319 sororis
1331 2285 1478 2319 meae
1528 2267 1701 2319 filium
1753 2267 1811 2319 in

243 2508 299 2548 10
338 2502 597 2548 exsecrati*
627 2502 662 2545 F
711 2501 939 2559 exsecrati
971 2518 1006 2557 φ
1046 2502 1102 2556 ef.
1129 2505 1197 2544 30.
1214 2505 1269 2544 25
1394 2505 1448 2545 13
1481 2499 1652 2557 capillo
1683 2499 1808 2558 Ftpg

122 2565 180 2619 cf.
213 2567 359 2608 4215
399 2561 595 2618 capillos
628 2562 724 2606 δΕ.
849 2567 903 2606 14
935 2559 1077 2605 adoni
1108 2563 1160 2603 ut
1190 2559 1476 2634 musteiuarf
1500 2558 1692 2617 pipletis
1722 2559 1805 2615 Εφ

124 2639 296 2696 (plenez
329 2636 454 2681 uatis
488 2638 542 2693 φ)
596 2635 736 2679 Aonii
767 2651 870 2681 cum
901 2635 1037 2680 Salm.
1070 2634 1121 2677 E.
1179 2634 1299 2678 Aoni
1331 2636 1502 2679 Petsch.
1623 2634 1804 2689 mystae

121 2698 313 2764 Diltlaey
344 2696 395 2741 Ε.
442 2694 625 2739 Musaei
655 2696 870 2740 Beroald.
918 2693 1105 2750 mystici
1136 2693 1294 2738 Rohde
1412 2691 1613 2750 Pimplei
1642 2693 1807 2749 scripsi

121 2756 319 2813 Pipletis
351 2755 402 2800 E.
524 2759 579 2797 22
613 2756 794 2798 atratus
827 2754 960 2798 Hild.
1009 2752 1229 2796 adhsatus
1262 2753 1347 2809 Fcp
1388 2752 1575 2797 adlatus
1608 2752 1677 2808 &g
1722 2764 1806 2794 an-

121 2815 256 2860 helus
288 2815 455 2872 Haupt
575 2817 630 2856 28
662 2813 803 2857 istam
835 2815 886 2858 in
917 2830 952 2869 φ
985 2813 1089 2857 add.
1122 2826 1179 2856 m.
1202 2813 1395 2866 fortasse
1419 2813 1577 2869 prima
1672 2823 1805 2854 reue-

121 2873 236 2918 riter
266 2874 393 2930 ]Ξ“1φ1
