1916 3132
169 103 237 156 82
894 107 1159 156 ΤΡΙΤΟΝ

170 246 230 298 οἳ
253 243 315 296 δὲ
340 235 491 313 ἦσαν
516 245 620 314 τὴν
645 244 749 312 μὲν
773 242 918 314 ὕλην
943 253 1149 313 χρυσοῖ
1168 242 1271 314 τὴν
1297 245 1359 300 δὲ
1384 246 1583 315 χροιὰν
1609 243 1863 301 κυάνεοι·

172 325 202 381 6
223 328 334 399 γὰρ
362 326 569 398 χρυσὸς
594 325 705 382 ὑπὸ
732 331 829 398 τῆς
852 329 1046 398 τέχνης
1073 329 1415 399 ἐμελαίνετο,
1454 331 1550 385 ἵνα
1586 331 1648 384 τὸ
1687 329 1864 400 τραχὺ

169 414 264 467 καὶ
299 413 654 483 μεταβάλλον
690 418 790 482 τῆς
826 404 1172 485 φολίδοςκτῷ
1209 413 1400 486 ξανθῷ
1435 413 1498 468 τό
1524 413 1701 485 μέλαν
1725 428 1863 484 συγ-

169 498 388 566 κραθὲν
427 497 784 567 ἐπιδείξηται.
841 499 1070 568 τοιαύτη
1107 499 1211 569 μὲν
1243 496 1277 567 ἡ
1305 499 1448 568 ζώνη
1473 502 1570 568 τῆς
1594 500 1791 570 κόρης,
1826 498 1862 570 ἡ

170 583 314 652 κόμη
342 583 404 637 δὲ
431 580 561 637 οὔτε
587 583 770 653 πάντῃ
800 583 1104 645 διάπλοκος
1139 580 1270 637 οὔτε
1305 583 1638 654 ἀσύνδετος,
1677 582 1802 637 ἀλλ’
1827 581 1865 654 ἡ

170 668 276 737 μὲν
300 666 479 737 πολλὴ
508 668 601 720 καὶ
628 665 968 736 ὑπαυχένιος
993 665 1164 738 ὤμοις
1195 688 1257 722 τε
1292 667 1386 722 καὶ
1422 669 1621 733 νώτοις
1659 669 1865 723 ἐπεκύ-

170 770 354 822 μαινε,
392 751 496 820 τὴν
535 752 596 804 δὲ
635 751 746 804 ἀπὸ
785 756 1041 822 κορυφῆς
1078 755 1171 807 καὶ
1210 751 1320 807 ἀπὸ
1358 753 1620 822 μετώπου
1646 753 1866 823 δάφνης

173 835 380 890 ἁπαλοὶ
406 840 620 900 κλῶνες
646 839 903 906 ἔστεφον,
944 838 1206 908 ροδοειδῆ
1244 858 1303 892 τε
1341 839 1435 892 καὶ
1459 835 1712 908 ἡλιῶσαν
1737 838 1865 891 δια-

171 924 419 990 δέοντες,
458 922 551 975 καὶ
579 924 774 990 σοβεῖν
798 931 918 986 ταῖς
944 919 1143 991 αὔραις
1169 924 1270 988 ἔξω
1295 927 1398 977 τοῦ
1423 924 1734 991 πρέποντος
1757 919 1865 975 οὐκ

171 1006 434 1076 ἐφιέντες.
492 1008 659 1075 ἔφερε
694 1007 756 1060 δὲ
781 1011 849 1076 τῇ
875 1010 1007 1078 λαιᾷ
1033 1008 1136 1076 μὲν
1162 1007 1327 1073 τόξον
1355 1009 1682 1077 ἐπίχρυσον,
1719 1002 1864 1075 ὑπὲρ
1913 1037 1916 1058 ι

171 1086 327 1161 οἶμον
352 1090 451 1144 τὸν
477 1089 662 1155 δεξιὸν
686 1094 782 1161 τῆς
807 1094 1091 1161 φαρέτρας
1116 1091 1530 1163 ἀπηρτημένης,
1563 1092 1776 1162 θατέρᾳ
1801 1089 1864 1170 δὲ

172 1175 491 1246 λαμπάδιον
525 1173 804 1245 ἡμμένον·
844 1177 939 1229 καὶ
972 1176 1149 1241 οὕτως
1184 1181 1390 1247 ἔχουσα
1416 1178 1592 1231 πλέον
1616 1173 1726 1229 ἀπὸ
1750 1172 1865 1228 τῶν

172 1259 489 1330 ὀφθαλμῶν
528 1263 693 1325 σέλας
726 1260 762 1331 ἢ
798 1265 915 1315 τών
954 1260 1146 1315 δάδων
1183 1260 1516 1331 ἀπηύγαζεν.

279 1337 438 1400 οὗτοι
475 1347 702 1414 ἐκεῖνοι,
740 1349 1045 1424 Χαρίκλεια
1081 1346 1175 1400 καὶ
1211 1348 1518 1416 Θεαγένης,
1557 1343 1865 1415 ἀνεβόησεν

172 1428 201 1484 6
238 1431 504 1534 Κνήμων.
577 1431 671 1484 καὶ
707 1435 821 1484 ποῦ
857 1435 960 1500 γῆς
997 1424 1178 1496 οὕτως
1225 1417 1479 1499 δείκνυε,
1527 1429 1666 1501 πρὸς
1707 1431 1864 1484 θεῶν
1913 1460 1916 1481 <¹

175 1514 431 1582 ικετεύω,
479 1513 509 1568 6
548 1515 886 1585 Καλάσιρις,
935 1515 1186 1585 ὁρᾶσθαι
1233 1514 1441 1580 αὐτοὺς
1477 1519 1555 1587 τῷ
1591 1514 1865 1584 Κνήμωνι

173 1599 579 1669 προσδοκήσας.
622 1599 654 1651 ὃ
680 1601 757 1668 δέ,
786 1591 830 1652 ὦ
856 1603 1052 1670 πάτερ,
1079 1607 1323 1671 θεωρεῖν
1349 1599 1553 1664 αὐτούς
1572 1597 1666 1654 καὶ
1686 1597 1863 1652 ἀπόν-

171 1704 270 1747 τας
308 1678 531 1753 ςόήθην·
574 1684 754 1746 οὕτως
791 1683 1040 1753 ἐναργῶς
1075 1705 1134 1738 τε
1181 1687 1273 1739 καὶ
1314 1686 1468 1748 οἴους
1504 1682 1631 1739 οἶδα
1668 1681 1807 1736 ἰδών
1829 1678 1865 1751 ἡ

173 1770 324 1836 παρὰ
353 1771 459 1821 σοῦ
486 1769 740 1838 διήγησις
765 1766 1069 1832 ὑπέδειξεν.
1126 1768 1230 1822 οὐκ
1266 1767 1411 1838 οἶδα,
1450 1766 1625 1838 εἶπεν,
1663 1769 1715 1822 εἰ
1746 1786 1866 1821 τοι-

173 1853 375 1915 ούτους
413 1849 556 1916 εἶδες
592 1854 746 1916 οἵους
783 1851 992 1915 αὐτοὺς
1029 1852 1151 1906 κατ’
1181 1853 1406 1923 ἐκείνην
1443 1854 1546 1924 τὴν
1577 1850 1792 1923 ἡμέραν
1830 1849 1861 1920 ἡ

165 1936 360 2000 Ἑλλάς
385 1957 444 1990 τε
470 1935 564 1990 καὶ
591 1935 619 1990 6
643 1936 800 2006 ἥλιος
828 1938 1124 2007 ἐθεάσατο,
1158 1937 1304 1993 οὕτω
1331 1939 1435 2008 μὲν
1460 1938 1865 2007 περιβλέπτους

174 2019 319 2074 οὕτω
359 2021 420 2075 δὲ
460 2020 1034 2092 εὐδαιμονιζομένους,
1075 2023 1168 2076 καὶ
1206 2021 1308 2091 τήν
1345 2023 1449 2092 μὲν
1487 2020 1726 2089 ἀνδράσι
1762 2018 1864 2074 τὸν

175 2108 236 2159 δὲ
273 2106 532 2173 γυναιξὶν
571 2104 742 2175 εὐχήν
778 2108 1133 2177 γινομένους·
1171 2109 1275 2178 ἰ’-ὴν
1311 2106 1421 2176 γὰρ
1449 2105 1589 2176 πρὸς
1612 2105 1862 2174 θάτερον

176 2189 364 2242 αὐτῶν
382 2194 672 2274 συζυγίαν
712 2196 804 2244 ἰσα
843 2192 936 2244 καὶ
975 2190 1297 2246 ἀθανασίαν
1333 2186 1494 2261 ἦγον.
1553 2191 1703 2260 πλὴν
1730 2187 1864 2243 οσον

175 2275 276 2330 τὸν
312 2270 417 2343 μὲν
448 2278 682 2328 νεανίαν
721 2277 779 2328 οί
805 2277 1063 2345 ἐγχώριοι
1090 2275 1193 2346 τὴν
1220 2277 1398 2347 κόρην
1423 2276 1485 2330 δε
1512 2276 1573 2328 οἱ
1593 2273 1863 2328 Θετταλοὶ
1911 2312 1916 2322 .

177 2360 350 2413 πλέον
379 2359 719 2428 ἐθαύμαζον,
760 2356 791 2413 6
815 2365 1040 2431 πρώτον
1068 2365 1308 2431 ἔβλεπον
1345 2361 1619 2429 ἑκάτεροι,
1646 2360 1863 2428 μᾶλλον

177 2443 468 2513 ἀγάμενοι·
508 2442 636 2513 ξένη
669 2442 777 2512 γὰρ
806 2443 933 2508 ὄψις
957 2451 1054 2516 τῆς
1080 2445 1371 2516 συνήθους
1395 2445 1750 2511 ἑτοιμότερον
1787 2443 1866 2503 εἰς

178 2527 456 2597 ἔκπληξιν.
522 2526 646 2580 ἀλλ’
676 2523 721 2582 οἳ
757 2533 854 2598 τῆς
889 2529 1080 2600 ἡδείας
1116 2530 1355 2600 ἀπάτης,
1394 2523 1440 2581 a'v'
1472 2531 1569 2596 τῆς
1600 2529 1865 2596 γλυκείας

179 2614 438 2680 οἰήσεως·
482 2609 632 2674 ὅπως
668 2632 736 2680 με
763 2611 1178 2684 ἀνεπτέρωσας,
1219 2612 1358 2684 ὁρᾶν
1394 2612 1523 2677 τοὺς
1561 2612 1865 2683 φιλτάτους

178 2695 272 2750 καὶ
309 2696 601 2749 δεικνύναι
638 2700 1051 2769 προσδοκηθεὶς
1088 2692 1134 2753 ὦ
1157 2698 1420 2769 Κνήμων.
1478 2696 1548 2750 σύ
1585 2698 1647 2751 δέ
1677 2715 1746 2766 με
1770 2694 1863 2749 καὶ

178 2781 535 2835 παντάπασιν
574 2784 758 2846 ἔοικας
797 2782 1103 2846 ἐξαπατᾶν·
1152 2783 1305 2854 ἥξειν
1340 2782 1449 2851 γάρ
1488 2779 1692 2844 αὐτούς
1727 2778 1864 2833 ὅσον

180 2863 401 2919 οὐδέπω
448 2867 540 2919 καὶ
592 2866 951 2937 φανήσεσθαι
997 2868 1148 2938 παρὰ
1194 2868 1297 2936 τήν
1334 2865 1514 2938 ἀρχὴν
1548 2869 1650 2919 τοῦ
1689 2866 1863 2932 λόγου

1396 3116 1427 3131 Δ
