1916 3132
98 402 165 456 19

112 2777 168 2825 A

180 91 247 144 96
904 95 1166 145 ΤΡΙΤΟΝ

179 251 249 299 με
273 231 748 300 θαρραλεώτερον
774 230 1016 300 ἰώμενον
1043 235 1355 303 προσίηται.
1403 234 1654 302 γινέσθω
1680 240 1875 309 ταῦτα,

180 319 318 386 ἔφη,
356 314 451 370 καὶ
483 314 752 384 ἀπίωμεν.

290 401 483 471 ἐπειδὴ
509 394 617 455 οὖν
656 402 964 470 ἐπέστημεν
989 405 1056 472 τῇ
1083 405 1428 474 ,Χάρισι-λείᾳ,
1467 399 1535 457 τά
1559 404 1679 474 μὲν
1697 405 1879 461 πολλὰ

179 491 239 542 τί
259 486 332 541 ἅν
356 507 439 550 τις
465 487 641 555 λέγοι;
682 485 1029 540 ἐδεδούλωτο
1064 488 1170 556 μὲν
1193 485 1300 555 γὰρ
1329 486 1642 558 ὁλοσχερῶς
1665 493 1742 561 τῷ
1766 491 1878 544 πά·-

179 579 302 641 θει,
344 574 438 626 καὶ
474 572 579 640 τήν
615 590 676 624 τε
713 566 954 638 παρειάν
979 569 1087 640 ἤδη
1122 569 1184 625 τὸ
1219 569 1397 636 ἄνθος
1422 575 1655 643 ἔφευγε,
1697 573 1790 628 καὶ
1814 574 1916 629 τὸε

182 659 396 727 φλέγον
420 660 523 710 τοῦ
557 657 870 726 βλέμματος
906 655 1165 723 καθάπερ
1200 654 1403 710 ὕδασιν
1441 656 1600 729 ἐῴκει
1635 667 1750 722 τοῖς
1775 660 1880 712 δά-

63 768 121 817 ‘51
182 756 388 811 κρυσιν
427 739 920 810 ἀποσβεννυμένῳ.
988 743 1337 795 κατέστελλέ
1346 740 1399 795 δ’
1429 737 1536 797 οὖν
1574 741 1722 811 ὅμως
1746 742 1878 798 ἑαυ-

87 827 124 878 2*
182 830 315 897 τήν,
357 826 661 895 ἐπειδήπερ
697 823 842 895 ἡμᾶς
880 825 1186 892 ἐθεάσατο,
1227 826 1321 879 καὶ
1358 824 1499 896 πρὸς
1534 826 1596 880 τὸ
1634 827 1880 896 σύνηθες

181 913 400 982 βλέμμα
426 912 519 963 καὶ
546 909 773 980 φθέγμα
799 913 1079 973 παντοίως
1111 911 1415 979 ἐπανάγειν
1443 912 1706 980 ἐβιάζετο.
1778 930 1880 966 πε-

186 994 438 1067 ριβαλών
477 997 537 1048 δὲ
578 992 759 1063 αὐτὴν
798 992 827 1047 ὁ
864 998 1151 1063 Χαρικλῆς
1187 992 1280 1047 καὶ
1317 998 1490 1065 μυρία
1515 996 1759 1067 φιλήσας
1785 997 1880 1050 καὶ

184 1083 491 1150 θεραπείας
529 1077 699 1134 οὐδὲν
737 1077 1061 1147 ἀπολιπών,
1111 1072 1158 1132 οἶ
1194 1080 1537 1150 θυγάτριον,
1576 1071 1622 1135 οἷ
1658 1082 1878 1150 τέκνον,

186 1169 398 1234 ἔλεγεν,
428 1166 524 1234 ἐμὲ
551 1162 650 1217 τὸν
677 1164 887 1231 πατέρα
913 1162 1176 1229 κρύπτεις
1202 1162 1234 1217 ὃ
1259 1164 1512 1233 πάσχεις;
1541 1167 1636 1219 καὶ
1659 1168 1880 1235 βασκα-

185 1253 316 1304 νίαν
342 1247 637 1303 ὑποστᾶσα
664 1252 881 1319 σιωπᾷς
906 1246 1094 1316 ὥσπερ
1131 1245 1406 1302 ἀδικοῦσα
1432 1250 1525 1303 καὶ
1550 1248 1657 1304 οὐκ
1681 1249 1880 1320 ἠδικη-

184 1335 324 1404 μένη
373 1331 526 1402 παρὰ
571 1336 685 1387 τιὸν
734 1337 920 1396 κακῶς
967 1334 1208 1386 ἰδόντων
1245 1347 1308 1386 σε
1346 1331 1687 1403 ὀφθαλμῶν;
1737 1331 1880 1388 ἀλλὰ

186 1421 407 1489 θάρσει.
484 1421 900 1487 παρακέκληται
936 1418 1247 1485 Καλάσιρις
1293 1416 1389 1471 ὅδε
1438 1415 1468 1470 ὁ
1514 1416 1691 1487 σοφός
1725 1423 1916 1472 ἴασινῑ

187 1508 313 1560 τινά
341 1519 431 1558 σοι
456 1507 819 1571 πορίσασθαι.
884 1502 1128 1564 δυνατὸς
1154 1503 1216 1556 δὲ
1251 1500 1281 1556 ὁ
1315 1502 1487 1573 άνήρ,
1529 1501 1752 1572 ἄριστος
1777 1500 1880 1570 ὤν,

190 1596 345 1658 εἴπερ
372 1609 454 1651 τις
479 1586 673 1656 ἄλλος,
714 1587 819 1656 τὴν
843 1591 1010 1641 θείαν
1037 1588 1257 1657 τέχνην,
1294 1586 1390 1642 ἅτε
1414 1585 1760 1658 προφητικός
1783 1585 1882 1641 τὸν

188 1678 317 1745 βίον
354 1674 447 1726 καὶ
487 1672 657 1739 ἱεροῖς
695 1673 756 1724 ἐκ
796 1674 1018 1725 παίδων
1043 1671 1437 1740 ἀνακείμενος,
1477 1674 1571 1725 καὶ
1597 1670 1670 1726 ,τὸ
1695 1675 1884 1741 μεῖζον

88 1764 166 1821 ,.,’
190 1762 269 1823 εἰς
294 1750 662 1828 προσθήκηνξ
675 1754 811 1824 ἡμῖν
840 1757 896 1817 ἐς
929 1753 995 1808 τοὶ
1022 1757 1261 1823 μάλιστα
1287 1759 1470 1824 φίλος.
1529 1756 1673 1810 ὥστε
1698 1756 1883 1810 εἰκότα

190 1843 263 1897 ἂν
300 1844 542 1910 ποιοίης,
583 1842 634 1894 εἰ
669 1840 1001 1909 προσδέχοιό
1034 1859 1093 1894 τε
1130 1839 1458 1909 ἀκωλύτως,
1499 1841 1732 1895 ε’πάδειν
1763 1835 1885 1909 τεῆ
1912 1861 1916 1888 ·.

190 1928 283 1981 καὶ
322 1926 507 1989 ἄλλως
556 1927 752 1978 ἰᾶσθαι
797 1924 1124 1995 βουλομένω
1157 1923 1374 1994 σαυτὴν
1412 1925 1699 1994 παρέχοις,
1749 1923 1882 1978 οὐδὲ

192 2014 376 2074 ἄλλως
400 2003 544 2065 οὖσα
571 2009 712 2079 πρὸς
736 2011 798 2063 τὸ
825 2010 1020 2077 λόγιον
1045 2004 1647 2079 ye'vog'dnpo'emuvog
1640 2009 1882 2063 ἐσιώπα

189 2098 320 2166 μέν,
374 2094 641 2149 ἐπένευσε
679 2093 732 2147 δ’
775 2096 881 2147 οὐν
916 2093 950 2162 ἡ
991 2098 1325 2163 Χαρίκλεια,
1375 2094 1633 2161 καθάπερ
1670 2091 1882 2162 άσμένη

190 2180 294 2251 τὴν
330 2178 420 2235 ἐπ’
452 2180 574 2247 ἐμοὶ
609 2176 941 2247 συμβουλήν
976 2180 1329 2248 προσιεμένη.

298 2266 391 2318 καὶ
418 2265 542 2318 τότε
566 2263 670 2332 μὲν
698 2262 789 2316 ἐπὶ
814 2264 1032 2326 τούτοις
1057 2261 1481 2332 ἀπηλλάγημεν,
1524 2260 1882 2332 ὑπομνήσαν-
1911 2279 1916 2308 1

190 2350 285 2413 τός
320 2369 387 2419 με
425 2353 525 2402 τοῦ
563 2348 910 2417 Χαρικλέους
947 2348 1040 2400 καὶ
1079 2341 1160 2401 ὦν
1197 2347 1474 2416 πρότερον
1499 2346 1883 2413 παρεκάλεσεν

195 2435 632 2517 ἐπιμεληθῆναι,
669 2432 764 2485 καὶ
801 2438 1118 2537 φροντίζειν
1156 2436 1210 2484 εἴ
1240 2450 1317 2500 πῃ
1353 2435 1421 2501 τῇ
1448 2433 1754 2501 Χαρικλείᾳ
1778 2432 1882 2484 δυ-

194 2521 400 2587 ναίμην
427 2520 644 2599 ἔφεσίν
649 2536 773 2570 τινα
787 2518 996 2617 γάμων
1020 2538 1113 2569 και
1138 2514 1364 2583 ἀνδρῶν
1391 2514 1705 2583 ἐμποιῆσαι.
1743 2514 1882 2568 ἀπέ-

195 2621 416 2671 πεμπον
454 2603 561 2654 οὐν
600 2594 925 2669 εὕθυμον,<’
930 2600 1034 2654 οὐκ
1073 2602 1152 2663 εἰς
1186 2619 1412 2668 μακραν
1449 2597 1883 2667 άννσθήσεσθαι

202 2685 354 2757 αὐτῷ
389 2684 492 2754 τὴν
525 2685 818 2753 βούλησιν)
835 2685 1322 2753 ἐπαγγειλάμενος.

297 2773 364 2840 τῇ
402 2769 463 2823 δὲ
491 2767 760 2839 ὑστεραία
799 2768 828 2822 ὁ
865 2770 969 2838 μὲν
1007 2762 1250 2822 Πυθίων
1288 2765 1442 2835 ἄγων
1480 2770 1711 2837 ἔληγεν,
1751 2765 1782 2821 ὁ
1820 2767 1883 2820 δὲ

198 2859 311 2908 τῶν
337 2855 481 2908 νέων
511 2845 839 2923 ἐπηκμαζεν,
867 2847 1387 2920 ἀγωνοθετοῦντος,
1416 2848 1596 2920 οἶμαι,
1624 2852 1716 2905 καὶ
1741 2854 1884 2922 βρα-
