1916 3132
186 96 254 150 86
911 86 1173 150 TPITON

185 240 435 307 κεφαλῆς
459 235 680 307 ἄλγημα
707 238 955 307 διοχλεῖν
983 240 1195 307 ἔλεγεν,
1230 237 1410 308 ἡδέως
1442 259 1502 293 τε
1534 235 1606 292 ἄν
1629 238 1879 310 ἠρεμεῖν,

186 311 242 375 εἰ
268 342 351 384 τις
387 322 687 391 ἐπιτρέποι.
742 319 882 390 πρὸς
915 326 1091 376 ταῦτα
1123 323 1518 392 διαταραχθεὶς
1543 321 1572 377 ὁ
1595 327 1882 393 Χαρικλῆς

182 405 416 476 ὑπεξῄει
442 425 501 460 τε
526 409 629 458 τοῦ
653 407 920 474 θαλάμου
946 406 1056 460 σὺν
1090 406 1240 477 ἡμῖν,
1279 406 1522 477 ἡσυχίαν
1552 417 1672 472 ταῖς
1702 414 1881 476 θερα-

181 492 411 553 παίναις
431 490 710 558 ἐπιτάξας,
732 490 1037 559 προελθών
1062 510 1123 545 τε
1147 496 1246 561 τῆς
1265 493 1462 560 οἰκίας,
1482 495 1542 546 τί
1560 490 1672 560 ἄρα
1691 494 1878 560 τοῦτο,

181 577 391 644 ἔλεγεν,
432 566 476 627 ὦ
508 575 669 644 ’γαθὲ
702 578 1009 645 Καλάσιρι;
1049 579 1131 640 τίς
1168 575 1202 646 ἡ
1241 579 1639 646 προσπεσοῦσα
1663 578 1741 650 τῷ
1763 582 1877 631 θυ-
1906 607 1916 639 2

180 663 389 731 γατρίῳ
416 662 688 729 μαλακία;
729 659 802 730 μὴ
837 658 1109 729 θαύμαζε,
1153 657 1334 728 εἷπον,
1376 662 1428 714 εἰ
1456 661 1745 723 τοσούτοις
1781 660 1881 729 ἐμ-

182 746 554 812 πομπεύσασα
593 745 790 814 δήμοις
828 742 1131 814 ὀφθαλμόν
1165 765 1291 798 τινα
1316 745 1608 814 βάσκανον
1635 745 1882 801 ἐπεσπά-

181 842 333 883 σατο.
389 830 632 898 γελάσας
656 822 766 882 οῦν
804 830 1122 899 εἰρωνικόν,
1161 831 1254 883 καὶ
1281 830 1352 883 σὺ
1377 827 1504 899 γάρ,
1539 826 1714 900 εἶπεν,
1752 827 1827 892 ὥς
1853 825 1883 884 ὃ

180 915 360 976 πολὺς
395 913 587 983 ὄχλος,
629 909 777 966 εἷναί
805 934 932 967 τινα
968 917 1286 983 βασκανίαν
1326 915 1680 978 ἐπίστευσας;
1722 918 1880 982 εἴπερ

180 1018 234 1051 τι
261 998 354 1051 καὶ
379 996 518 1051 ἄλλο
543 1001 659 1051 τῶν
685 996 937 1067 ἀληθῶν,
967 1001 1128 1068 ἔφην.
1186 1001 1297 1067 ἔχει
1322 997 1430 1067 γὰρ
1456 997 1652 1061 οὕτως.
1709 995 1739 1051 ὁ
1775 1016 1875 1052 πε-
1910 1027 1916 1059 1

180 1086 538 1151 ρικεχυμένος
562 1076 697 1151 ἡμῖν
724 1074 889 1145 οὗτος
913 1081 1021 1151 ἀὴρ
1050 1081 1128 1136 δι’
1156 1082 1473 1152 ὀφθαλμοῖν
1498 1103 1558 1136 τε
1583 1084 1677 1136 καὶ
1703 1081 1881 1152 ῥινῶν

181 1166 275 1219 καὶ
313 1164 603 1236 ἄσθματος
641 1168 732 1219 καὶ
772 1171 886 1219 τῶν
925 1166 1114 1219 ἄλλων
1152 1166 1346 1231 πόρων
1385 1170 1463 1230 εἰς
1499 1164 1567 1220 τά
1601 1166 1755 1236 βάθη
1793 1168 1881 1220 δι-

98 1243 135 1328 K
181 1247 546 1319 ικνούμενος,
586 1249 681 1304 καὶ
714 1255 831 1304 τῶν
857 1251 1070 1315 ἔξωθεν
1095 1250 1408 1320 ποιοτήτων
1433 1251 1878 1321 συνεισφερόμε-

124 1381 131 1394 ,Ι
180 1354 305 1403 νος,
346 1327 463 1397 οἷος
488 1330 560 1388 ἂν
589 1336 872 1404 εἰσρεύσῃ,
913 1340 1136 1389 τοιοῦτο
1163 1338 1254 1389 καὶ
1281 1346 1399 1399 τοῖς
1425 1335 1747 1404 δεξαμένοις
1771 1335 1881 1389 :zoi--

89 1406 118 1512 s
179 1423 286 1482 θος
313 1419 765 1489 ἐγκατέσπειρεν,
805 1417 946 1473 ὥστε
973 1417 1185 1474 ὁπόταν
1211 1422 1322 1475 σὺν
1348 1421 1552 1492 φθόνῳ
1579 1441 1662 1485 τις
1688 1421 1781 1491 ἴδῃ
1807 1421 1876 1475 τά
1908 1449 1916 1481 1

182 1505 344 1572 καλά,
366 1501 429 1556 τὸ
452 1505 713 1573 περιέχον
738 1523 797 1557 τε
824 1507 1142 1572 δυσμενοῦς
1166 1506 1461 1576 ποιότητος
1488 1504 1759 1574 ἐνέπλησε
1785 1507 1881 1559 καὶ

180 1585 243 1641 τὸ
270 1585 401 1655 παρ’
429 1587 633 1641 ἑαυτοῦ
659 1592 885 1658 πνεῦμα
910 1591 1137 1657 πικρίας
1162 1588 1483 1659 ἀνάμεστον
1508 1591 1587 1653 εἰς
1610 1587 1710 1644 τὸν
1731 1593 1881 1659 πλη-

182 1674 310 1726 σίον
336 1673 661 1740 διερρίπισε.
712 1670 774 1724 τὸ
802 1673 878 1740 δέ,
907 1671 1003 1726 ἅτε
1030 1674 1383 1745 λεπτομερές,
1411 1673 1571 1743 ἄχρις
1598 1672 1688 1728 ἐπ’
1717 1673 1880 1728 ὀστέα

182 1756 276 1810 καὶ
300 1755 544 1825 μυελοὺς
569 1754 775 1818 αὐτούς
802 1756 1103 1810 εἰσδύεται·
1147 1757 1242 1811 καὶ
1277 1760 1446 1821 νόσος
1482 1758 1702 1827 ἐγένετο
1739 1762 1880 1812 πολ-

182 1837 634 1914 λοῖςμᾲλφθμόνος,
673 1842 884 1894 οἰκεῖον
921 1824 1876 1920 ὄνομα,βασκανίανφέπιδεξάμενος.
1907 1869 1916 1900 2

181 1924 290 1995 ἤδη
311 1925 374 1979 δὲ
405 1923 641 1978 κάκεῖνα
674 1925 981 1995 σκόπησον,
1001 1920 1046 1978 c3
1058 1924 1375 1996 Χαρίκλεις,
1389 1925 1512 1980 ὅσοι
1528 1927 1634 1995 μὲν
1654 1925 1877 1996 ὀφθαλ-

181 2011 311 2078 μίας
348 2008 471 2062 ὅσοι
510 2009 572 2062 δὲ
609 2013 707 2077 τῆς
746 2008 809 2062 ἐκ
847 2013 1059 2079 λοιμῶν
1095 2011 1482 2073 καταστάσεως
1513 2007 1879 2081 ἀνεπλήσθη-

186 2106 313 2160 σαν,
350 2093 611 2161 θιγόντες
635 2093 740 2162 μὲν
765 2091 1026 2164 οὐδαμῶς
1052 2099 1168 2148 τῶν
1201 2095 1552 2164 καμνόντων,
1591 2093 1713 2148 ἀλλ’
1741 2093 1877 2148 οὐδὲ

185 2175 383 2246 εὐνῆς,
422 2175 551 2230 ἀλλ’
579 2176 712 2232 οὐδὲ
739 2180 1006 2247 τραπέζης
1030 2183 1130 2247 τῆς
1155 2177 1328 2250 αὐτῆς
1352 2181 1748 2249 μετασχόντες,
1782 2177 1877 2234 ἀέ·

183 2282 281 2331 ρος
317 2263 378 2315 δὲ
416 2263 597 2330 μόνου
634 2261 842 2316 ταύτοῦ
881 2266 1344 2333 κοινωνήσαντες.
1399 2265 1782 2333 τεκμηριούτω
1817 2263 1916 2320 δέι

183 2361 275 2400 σοι
307 2345 407 2400 τὸν
438 2350 628 2414 λόγον,
670 2351 826 2415 εἰπερ
863 2346 999 2401 ἄλλο
1026 2369 1109 2415 τι,
1150 2347 1244 2401 καὶ
1268 2347 1301 2416 ἡ
1328 2352 1441 2401 τῶν
1469 2346 1695 2417 ἐρώτων
1719 2345 1879 2416 γένε-

184 2444 289 2499 σις,
316 2423 401 2493 οἷς
425 2428 492 2484 τά
522 2427 777 2499 ὁρώμενα
802 2430 909 2500 τήν
935 2429 1116 2502 ἀρχὴν
1143 2434 1426 2501 ἐνδίδωσι,
1461 2431 1554 2485 καὶ
1580 2425 1705 2485 οἷον
1727 2429 1878 2500 ὑπή-

184 2533 326 2583 νεμα
353 2513 446 2567 διὰ
470 2519 584 2568 τῶν
612 2513 925 2585 ὀφθαλμῶν
951 2518 1019 2569 τά
1046 2516 1201 2586 πάθη
1227 2526 1346 2579 ταῖς
1370 2525 1573 2584 ψυχαῖς
1599 2513 1879 2581 είστοξεύ-

186 2617 364 2652 ονται.
404 2599 496 2651 καὶ
520 2599 668 2666 μάλα
693 2619 757 2667 γε
785 2601 1032 2664 εἰκότως·
1072 2604 1187 2654 τῶν
1212 2597 1323 2669 γὰρ
1351 2601 1416 2655 ἐν
1440 2598 1574 2670 ἡμῖν
1599 2599 1792 2669 πόρων
1815 2618 1876 2652 τε

185 2683 279 2736 καὶ
313 2680 635 2752 αἰσθήσεων
660 2684 1042 2754 πολυκίνητόν
1067 2703 1126 2737 τε
1151 2686 1244 2737 καὶ
1269 2685 1622 2754 θερμότατον
1659 2675 1801 2738 οὖσα
1836 2680 1872 2753 ἡ
1902 2708 1916 2743 a

186 2765 314 2830 ὄψις
340 2767 710 2836 δεκτικωτέρα
736 2766 874 2841 πρὸς
899 2766 995 2831 τοὶς
1019 2766 1328 2838 ἀπορροίας
1362 2771 1596 2837 γίνεται,
1635 2771 1712 2838 τῷ
1749 2765 1872 2820 κατ’

185 2848 363 2921 αὐτὴν
412 2851 642 2923 ἐμπύρῳ
679 2853 955 2922 πνεύματι
993 2848 1090 2916 τας
1123 2853 1453 2922 μεταβάσεις
1490 2856 1603 2906 τῶν
1642 2850 1871 2922 ἐρεότων

1409 3108 1456 3132 Α.
