1916 3132
117 86 217 137 122
760 87 1149 143 ῗΠΕΜΠΤΟΝ

108 238 330 292 νισσαν,
372 221 496 292 ἄρτι
521 223 588 276 τά
617 225 944 294 πρυμνήσια
986 223 1144 277 λύειν
1179 226 1523 294 μέλλουσαν·
1565 226 1659 278 καὶ
1695 223 1804 294 γάρ

110 326 227 371 πως
247 306 445 361 λοιπὸν
466 309 558 361 καὶ
577 303 794 378 ὄρθρου
825 305 1244 378 ὑποφαίνοντος
1266 306 1404 385 ξούὸὲ
1438 307 1804 378 ὑπερβαίνειν

113 390 291 464 ᾤοντο
329 392 427 446 τὸν
465 394 606 462 πρός
642 412 710 462 με
739 386 909 460 ὅρκον
936 393 994 444 οἱ
1017 395 1294 462 Φοίνικες,
1315 390 1546 463 ,ἡμέραν
1571 392 1664 446 καὶ
1702 390 1806 446 νύ-

111 499 214 532 κτα
240 477 534 545 ἀναμεῖναι
570 478 752 547 μόνην
791 477 1147 544 συνθέμενοι.
1206 480 1334 530 λίαν
1373 468 1476 530 οὗν
1514 481 1805 547 χαίροντες

109 560 353 631 ἥκοντας
398 559 542 630 ἡμᾶς
588 559 972 630 ὑποδέχονται.
1048 563 1523 631 καὶπαραχρῆμα
1561 563 1806 630 λιμένων

114 646 271 709 ἐκτὸς
318 643 414 699 ὑπ’
459 648 670 715 είρεσια
716 644 779 698 τὸ
815 649 1042 714 πρῶτον
1080 643 1386 715 ἀνήγοντο·
1437 643 1510 708 ὥς
1548 646 1609 698 δὲ
1647 648 1804 698 λείου

111 730 428 799 πνεύματος
466 732 528 784 ἐκ
553 735 656 799 γῆς
682 731 1143 798 προσπνεομένου
1171 734 1321 798 κῦμα
1347 728 1640 799 χθαμαλὸν
1668 727 1806 782 ὑπέ-

113 817 276 884 τρεχέ
294 835 352 869 τε
390 814 483 868 καὶ
527 808 652 868 οἷον
690 814 1001 882 προσεγέλα
1038 817 1107 884 τῇ
1145 813 1392 885 πρύμνῃ,
1432 814 1556 867 τότε
1595 813 1662 883 δὴ
1701 811 1804 882 τὴν

111 903 257 952 ναῦν
293 909 408 962 τοῖς
448 901 639 961 ἱστίοις
672 898 983 967 ὑποφέρειν
1024 898 1344 967 ἐπέτρεπον.
1402 902 1662 967 Κιρραῖοι
1700 897 1806 966 μὲν

111 985 179 1053 δὴ
209 984 408 1036 κόλποι
434 984 526 1036 καὶ
541 987 891 1051 Παρνασσοῦ
918 983 1198 1050 πρόποδες
1218 984 1466 1035 Αἰτωλοί
1487 1001 1546 1034 τε
1571 978 1666 1033 καὶ
1683 983 1803 1033 Κα-

113 1068 380 1121 λυδώνιοι
429 1069 695 1121 σκόπελοι
732 1068 908 1136 μόνον
947 1065 1015 1119 οὐ
1053 1067 1419 1134 διιπταμένην
1455 1063 1556 1134 τὴν
1594 1063 1806 1118 ὁλκάδα

111 1155 552 1222 παρημείβοντο,
604 1155 767 1219 νῆσοι
805 1151 866 1204 δὲ
901 1150 1094 1215 Ὀξεῑαι
1130 1149 1223 1203 καὶ
1261 1153 1440 1220 σχῆμα
1478 1147 1571 1202 καὶ
1608 1147 1805 1218 ὄνομα,

109 1237 360 1290 θάλαττα
398 1257 456 1289 τε
484 1235 806 1297 Ζακύνθιος
832 1234 959 1305 ἄρτι
985 1233 1129 1304 πρὸς
1155 1233 1322 1287 δύσιν
1347 1231 1512 1304 ἡλίου
1539 1234 1805 1295 νεύοντος

112 1321 503 1390 ἀνεφαίνοντο.
561 1319 699 1373 ἀλλὰ
728 1323 786 1373 τί
806 1323 979 1372 ταῦτα
1006 1318 1145 1387 ἀωρὶ
1179 1317 1434 1388 μηκύνω;
1474 1320 1531 1370 τί
1564 1318 1626 1370 δὲ
1663 1319 1805 1370 λαν-

111 1406 271 1459 θάνω
298 1402 402 1474 τὴν
429 1406 688 1474 διήγησιν
716 1406 794 1468 είς
819 1404 1058 1472 πέλαγος
1097 1402 1271 1466 ὄντως
1305 1401 1468 1471 άφεὶς
1500 1411 1615 1457 τεὸν
1651 1400 1799 1471 ἑξῆς;

115 1489 366 1542 ἐνταῦθα
406 1487 607 1542 λοιπὸν
644 1487 744 1542 τὸν
782 1489 954 1556 λόγον
995 1487 1325 1556 έπίσχωμεν,
1375 1484 1571 1556 ὀλίγον
1610 1486 1671 1541 δε
1710 1484 1804 1540 καὶ

112 1572 297 1626 ὕπνου
322 1574 640 1640 σπάσωμεν.
701 1574 750 1625 εἰ
771 1592 878 1642 γαρ
906 1575 997 1625 καὶ
1025 1576 1153 1625 λίαν
1180 1571 1387 1635 ἄοκνος
1412 1570 1679 1640 ὑπάρχεις
1702 1569 1804 1639 τὴν

115 1655 293 1726 άκοὴν
338 1657 431 1710 καὶ
481 1658 811 1725 ἐρρωμένως
857 1654 1114 1725 άπομάχῃ
1164 1656 1302 1723 πρὸς
1347 1654 1447 1709 τὸν
1497 1654 1700 1724 ὕπνον,
1759 1675 1802 1709 ω

113 1742 378 1811 Κνήμων,
428 1739 552 1793 ἀλλ’
592 1739 843 1810 ἡγοῦμαί
876 1754 937 1793 σε
977 1738 1174 1792 λοιπὸν
1214 1737 1486 1808 ὀκλάζειν,
1529 1741 1668 1809 ἐμοῦ
1703 1737 1800 1792 τά-

113 1827 331 1895 μαυτοῦ
368 1826 524 1894 πάθη
562 1826 720 1925 μέχρι
759 1824 951 1893 πόρρω
989 1827 1086 1892 τῆς
1102 1822 1336 1886 -νυκτὸς
1383 1822 1798 1885 άποτείναντος.

117 1907 254 1979 κάμὲ
282 1911 343 1965 δε
371 1909 587 1976 λοιπόν,
617 1930 658 1962 ω
690 1910 906 1975 τέκνον,
934 1906 1112 1976 γῆράς
1136 1926 1195 1960 τε
1220 1906 1498 2008 βαρύνει,
1512 1905 1661 1960 καὶε
1630 1928 1663 1976 η
1690 1927 1804 1960 των

116 1999 429 2064 συμφορῶν
478 1991 789 2062 ὑπόμνησις
835 1994 1207 2060 παραλύουσα
1254 1989 1357 2059 τήν
1414 1991 1671 2044 διάνοιαν
1729 1991 1805 2053 εἰς

114 2077 297 2132 ὕπνον
335 2077 652 2147 καταφέρει.

222 2164 471 2230 ἐπίσχες,
512 2158 667 2214 εἶπεν
706 2158 734 2213 ὁ
771 2161 1036 2230 Κνήμων,
1078 2150 1120 2211 ὦ
1159 2160 1361 2227 πάτερ,
1412 2157 1512 2227 οὐχ
1550 2155 1623 2221 ὥς
1661 2159 1800 2224 ἐμοῦ

115 2246 219 2317 τὴν
245 2246 504 2316 διήγησιν
542 2244 1092 2313 άποσκευαζομένου·
1135 2245 1284 2296 δοκῶ
1320 2242 1427 2311 γάρ
1465 2262 1558 2311 μοι
1595 2241 1726 2312 μηδ’
1754 2244 1806 2296 εἰ

118 2329 326 2392 πολλὰς
362 2330 466 2399 μὲν
513 2330 721 2391 νύκτας
767 2332 995 2391 πλείους
1041 2325 1093 2381 δ’
1134 2327 1339 2397 ἡμέρας
1387 2326 1801 2395 ἐπισυνάπτοις,

115 2420 281 2469 τοῦτο
319 2412 391 2466 ἄν
430 2431 562 2466 ποτε
601 2420 830 2466 παθεῖν·
873 2413 1048 2474 οὕτως
1084 2410 1391 2481 άκόρεστόν
1417 2431 1468 2464 τι
1494 2411 1587 2462 καὶ
1613 2411 1804 2480 σειρή-

116 2519 243 2552 νιον
269 2499 329 2551 τὸ
369 2495 492 2550 κατ’
522 2495 717 2566 αὐτήν.
774 2495 916 2550 άλλά
943 2516 1008 2565 με
1037 2496 1208 2549 πάλαι
1232 2498 1410 2563 θροῦς
1435 2514 1516 2557 τις
1542 2495 1635 2547 καὶ
1658 2495 1804 2564 βόμ-

119 2586 218 2652 βος
256 2582 426 2651 ὄχλου
464 2580 603 2634 κατὰ
641 2579 745 2649 τὴν
783 2583 967 2634 οἰκίαν
993 2588 1258 2648 περιηχεῖ.
1317 2579 1410 2630 καὶ
1446 2571 1518 2647 ἦν
1554 2578 1659 2645 μὲν
1697 2575 1803 2630 οὐκ

1913 164 1916 170 ,
1889 0 1916 105 *Laud

1835 1007 1874 1040 10

1833 1425 1875 1459 15

1831 2263 1874 2296 25

122 2664 278 2729 ἐκτὸς
311 2670 412 2719 τοῦ
446 2668 850 2733 θορυβεῖσθαι,
892 2664 1110 2717 σιωπᾶν
1148 2663 1209 2714 δὲ
1249 2661 1558 2731 έβιαζόμην,
1599 2661 1798 2715 ἐπνθυ-
1831 2679 1872 2714 30

118 2755 218 2822 μία
254 2755 368 2804 τῶν
405 2748 490 2803 άεὶ
527 2748 667 2817 πρὸς
705 2752 811 2802 σοῦ
850 2749 1281 2816 λεχθησομένων
1322 2745 1647 2821 ἑλκόμενος.)
1695 2743 1800 2813 ἐγώ

119 2836 222 2903 μὲν
249 2834 353 2888 οὐκ
379 2833 659 2905 ᾐσθόμην,
701 2834 807 2902 ἔφη
835 2830 864 2884 ὁ
892 2830 1216 2899 Καλάσιρις,
1256 2830 1392 2898 τάχα
1417 2830 1521 2898 μέν
1557 2848 1668 2881 που
1706 2831 1801 2883 καὶ
