1916 3132
817 156 1108 205 ΟΓΔΟΟΝ
1707 151 1813 204 229

107 271 340 373 σθηναι
335 284 706 366 κελευσασα,
707 291 782 356 ῶς
808 295 919 362 ἔχει
957 294 1199 362 δεσμῶν,
1238 288 1427 360 ἄγετε,
1452 285 1689 361 <εἷπε,>
1706 290 1812 360 τὴν

105 379 416 452 ἀλιτήριον,
457 380 550 433 καὶ
574 379 654 438 ἐν
685 387 801 441 τοῖς
826 376 1037 447 ὁμοίοις
1072 375 1208 431 ὄντα
1245 373 1366 430 κατ’
1398 375 1563 439 ἀξίαν
1603 375 1812 428 ἐπιδεί-

107 463 301 530 ξαντες
325 464 424 519 τὸν
448 462 783 534 θαυμαστὸν
818 461 990 533 αὐτῆς
1028 462 1360 532 ε’ρῶμενονρ
1377 462 1552 514 παντί
1571 479 1631 513 τε
1656 451 1851 529 μέλειὶ

107 549 171 604 τὸ
199 548 377 618 δεσμοὶ
410 548 792 618 ἐπιβαλόντες,
833 546 1107 618 Εὐφράτῃ
1143 547 1237 600 καὶ
1263 545 1475 615 ταύτην
1503 544 1807 615 παράδοτε,

55 651 80 688 '5
109 636 625 736 φυλαχθησομένην
665 635 721 696 ἐς
747 632 988 701 αὔριον,ῐ
1010 631 1112 701 τήν
1150 651 1209 684 τε
1235 629 1328 684 διὰ
1354 632 1612 685 θανάτου
1637 649 1811 699 τιμω-

112 722 242 789 ρίαν
266 717 376 773 ὑπὸ
405 722 585 787 κρίσει
611 722 726 772 τῶν
753 720 817 772 ἐν
842 721 985 771 τέλει
1023 719 1268 786 Περσῶν
1296 710 1660 784 ὑφέξουσαν).>
1703 713 1809 784 ἤδη

111 805 173 858 δὲ
211 803 504 874 ἀγομένης,
552 823 629 881 το
655 805 994 903 οίνοχοῆσαν
1033 806 1099 873 τῇ
1146 803 1370 872 Κυβέλη
1409 800 1883 867 παιδισκαριονί

111 882 207 959 (ἦν
233 890 295 942 δὲ
321 892 435 942 τῶν
456 887 717 942 Ἰωνικῶν
743 886 948 955 ἅτερον
960 890 1082 953 τῶν
1111 889 1186 949 εἰς
1207 882 1506 940 διακονίαν
1535 905 1686 953 παρα
1705 882 1811 966 τὴν

112 973 342 1044 πρώτην
367 971 481 1027 ὑπὸ
508 977 606 1042 τῆς
626 971 899 1042 Ἀρσάκης
923 981 1039 1036 τοῖς
1065 972 1213 1035 νέοις
1235 971 1706 1048 δωρηθεντων),κ
1703 961 1815 1024 εἴτε

27 1074 81 1122 ‘10
111 1078 164 1112 τι
184 1056 374 1112 παθὸν
402 1057 596 1129 εὐνοίᾳ
620 1061 688 1128 τῇ
712 1058 840 1126 περὶ
866 1059 970 1127 τὴν
998 1046 1352 1121 Χαρίκλειαν
1366 1054 1478 1110 ὑπὸ
1504 1058 1815 1125 συνηθείας

111 1163 171 1196 τε
197 1144 289 1197 καὶ
316 1143 782 1211 συνδιαιτήσεως,
821 1147 932 1216 εἰτε
970 1143 1064 1194 καὶ
1091 1143 1354 1212 δαιμονία
1377 1141 1650 1210 βουλήσει
1677 1159 1813 1210 χρη-

42 1221 46 1224 ’
111 1219 775 1301 σάμενον>ὑπεδάκρυσέ
805 1246 866 1279 τε
892 1229 983 1279 καὶ
1015 1224 1293 1294 ἐστέναξε,
1331 1224 1497 1284 καὶιῶ
1522 1230 1619 1294 τῆς
1646 1223 1813 1278 ἀθλί-

111 1303 498 1381 ας,”ἔφη’,(,τῆς
536 1310 708 1365 οὐδὲν
734 1313 927 1374 αἰτίας.
993 1315 1107 1363 τῶν
1146 1311 1208 1364 δὲ
1246 1311 1639 1379 περιεστώτων
1664 1315 1807 1362 θαυἢ

110 1401 416 1466 μασάντων
463 1398 555 1450 καὶ
596 1401 793 1466 σαφῶς
832 1396 864 1447 ὅ
902 1415 952 1447 τι
990 1396 1176 1464 λέγειν
1213 1395 1477 1463 βούλοιτο
1518 1396 1815 1462 ἐκφαίνειν

29 1495 84 1536 ἠῢ
112 1481 564 1551 ἀναγκαζόντων,
603 1458 742 1550 αὕτη
782 1480 1091 1561 δεδωκέναι
1129 1480 1463 1548 διωμολόγει
1489 1483 1555 1550 τῇ
1584 1480 1812 1550 Κυβέλη

111 1565 533 1645 τὸξφάρμακον,
575 1568 692 1634 εἰλη
745 1567 864 1619 έναι
904 1566 965 1618 δὲ
1005 1564 1136 1633 παρ’
1176 1563 1350 1634 αὐτῆς
1388 1565 1606 1634 ἐκείνης
1645 1562 1738 1633 ἐφ’
1769 1556 1814 1634 ᾦ

113 1652 315 1705 δοῦναι
342 1655 410 1720 τῇ
437 1654 705 1719 Χαρικλε
701 1671 763 1721 α,
791 1651 1227 1752 προληφθεΐσάν
1252 1670 1312 1703 τε
1353 1655 1462 1702 εἴτε
1489 1648 1603 1702 ὑπὸ
1628 1650 1815 1716 θορύ-

112 1739 222 1806 βου
258 1739 355 1805 τῆς
380 1733 520 1789 κατὰ
554 1734 657 1803 τὴν
694 1734 902 1804 πρᾶξιν
940 1732 1190 1802 ἀτοπίας,
1233 1739 1342 1788 εἴτε
1382 1734 1475 1786 καὶ
1514 1738 1816 1803 συγχεθεῐ-

30 1849 39 1884 3
114 1835 222 1874 σαν
243 1818 352 1874 ὑπὸ
373 1824 480 1890 τῆς
481 1820 756 1910 Κυβέλης,
779 1820 1023 1890 προτέρα
1043 1821 1245 1872 δοῦναι
1266 1823 1332 1888 τῇ
1352 1810 1679 1905 Χαρικλεία
1680 1839 1816 1872 νευ-

27 1899 84 1959 1⁷20
115 1885 695 1975 ουσης>εναλλάξαι
661 1925 757 1966 τας
783 1904 1034 1973 κύλικας,
1063 1905 1157 1958 καὶ
1178 1908 1247 1974 τῇ
1273 1905 1609 1973 πρεσβύτιδι
1636 1917 1816 1974 προσ-

30 2015 41 2038 1·¹
115 1999 367 2059 ενεγκεῑν
395 1989 457 2042 έν
484 1981 529 2041 ῶ
555 1983 627 2059 ἦν
652 1988 715 2043 τὸ
743 1990 1060 2060 φάρμακον.
1112 1988 1276 2059 ἤγετο
1303 1989 1411 2042 οὐν
1439 1990 1531 2043 ἐπὶ
1558 1987 1661 2058 τὴν
1684 1986 1813 2056 Ἀρ-

32 2088 38 2128 ἰ
114 2075 293 2144 σάκην
320 2072 551 2143 εὐθέως,
578 2075 810 2144 έρμαιον
837 2073 1104 2128 απάντων
1120 2073 1493 2142 ποιουμένων
1486 2074 1814 2141 ἐλευθέραν

0 2173 3 2229 j
31 2132 42 2221 l{
115 2157 420 2229 εὑρεθῆναι
457 2163 573 2212 τῶν
613 2158 976 2228 ἐγκλημάτων
1002 2158 1105 2229 τὴν
1132 2162 1502 2229 Χαρίκλειαν·
1523 2157 1816 2229 ιζκεύγενοῦς

33 2302 35 2314 2
113 2242 220 2313 γὰρ
254 2242 426 2306 ”θους
455 2245 548 2298 καὶ
585 2244 778 2326 ὄψεωςῖ
793 2244 883 2297 καὶ
910 2245 1204 2313 βάρβαρον
1232 2246 1392 2312 γένος
1418 2240 1602 2307 οἶκτος
1630 2245 1817 2314 εἰσέρ-

5 2376 9 2379 ,
32 2326 90 2380 1425
117 2267 312 2422 zaab
336 2330 428 2381 καὶ
457 2330 720 2399 εἰπούσης
744 2334 920 2382 ταῦτα
947 2334 1043 2399 τῆς
1061 2331 1467 2395 θεραπαινίδος
1494 2330 1669 2383 πλέον
1698 2330 1817 2397 έγί-

116 2433 243 2467 νετο
281 2411 468 2481 οὐδέν,
510 2413 634 2466 ἀλλ’
663 2413 698 2484 ἥ
736 2416 870 2467 τεκαὶ
909 2411 1050 2483 αύτὴ
1091 2415 1365 2482 συνεργὸς
1403 2418 1587 2467 ἔοικεν
1627 2410 1812 2466 εἷναι”

119 2498 354 2551 εἰποῦσα
380 2496 413 2567 ἡ
441 2497 679 2567 Ἀρσάκη
708 2500 1039 2567 δεσμεῖσθαι
1067 2497 1160 2551 καὶ
1188 2505 1570 2567 φρουρεῖσθαι
1610 2500 1689 2560 εἰς
1712 2496 1816 2566 τὴν

55 2624 58 2627 Α
118 2585 304 2651 κρίσιν
356 2583 633 2636 ἐκέλευσε.
719 2582 851 2646 τούς
896 2603 954 2636 τε
1004 2583 1287 2646 δυνάστας
1332 2588 1603 2649 Περσῶν,
1654 2584 1709 2635 οἳ
1752 2580 1815 2634 τὸ

117 2666 495 2734 βουλεύεσθαι
533 2665 678 2736 ὑπὲρ
716 2672 830 2721 τῶν
869 2671 1079 2721 κοινῶν
1117 2669 1210 2721 καὶ
1250 2668 1496 2732 δικάζειν
1525 2687 1584 2720 τε
1611 2665 1705 2719 καὶ
1732 2687 1814 2718 τι-

39 2755 328 2819 ίὓϋμωρίας
366 2751 569 2821 ὁρίζειν
607 2751 709 2821 τὴν
748 2751 910 2820 ἰσχύν
938 2750 1108 2821 εἶχον,
1150 2752 1239 2806 ἐπὶ
1263 2751 1369 2821 τήν
1394 2755 1583 2821 κρίσιν
1611 2753 1688 2812 εἰς
1712 2747 1817 2816 τὴν

0 2833 8 2843 ⁷
119 2831 240 2902 ἑξῆς
276 2836 579 2902 παρεκάλει
596 2843 599 2848 ’
618 2838 1024 2906 διαπέμπουσα.

190 2919 283 2971 καὶ
318 2917 574 2989 ἡκόντων
614 2923 692 2983 εἰς
729 2922 799 2974 ἕω
840 2921 933 2974 καὶ
976 2923 1460 2991 προκαθημένων,
1515 2916 1816 2987 κατηγόρει

1510 3042 1543 3068 Ο
