1916 3132
0 0 82 61 Ρ
214 0 261 19 ..
733 0 757 18 7
801 0 814 9 .

781 126 1079 174 ΠΡΩΤΟΝ
1708 122 1777 175 33

77 264 219 321 ἄλλά
246 263 340 318 καὶ
367 263 539 325 ὅσους
561 261 852 332 ἐδυνάμην
880 262 944 315 ἐν
969 267 1046 332 τῷ
1075 264 1320 332 διέκπλςο
1346 262 1424 333 τῷ
1450 262 1609 329 μέχρι.
1639 262 1778 315 δεῦ-

78 371 144 419 ρο
188 347 716 418 παρασκευάζεσθαι
752 348 1088 415 διαγγείλας.

182 433 425 503 άνήλατο
464 432 604 499 πρὸς
640 435 815 485 ταῦτα
855 429 884 484 6
922 430 1168 500 Θύαμις,
1209 431 1301 484 καὶ
1330 435 1441 484 ποῦ
1470 433 1775 497 Χαρίκλεια
1793 431 1860 483 28

77 520 343 588 διηρώτα,
371 519 633 583 καθάπερ
661 517 789 584 περὶ
818 515 1036 585 ἐκείνης
1061 518 1236 570 πλέον
1261 515 1296 584 ἢ
1325 516 1453 582 περὶ
1480 512 1657 568 αὑτοῦ
1684 517 1777 567 δε·

26 622 47 656 5
76 601 222 666 διω’ς.
294 601 413 656 ἐπεὶ
461 602 522 654 δὲ
559 602 651 655 ἐπὶ
688 605 756 671 τῇ
793 604 931 672 φλιᾷ
951 582 1032 671 1τῇ
1070 604 1314 670 πλησίον
1349 597 1778 668 ὑπεσταλμένην

75 687 287 752 ἔδειξεν
327 684 356 738 6
396 687 670 786 Κνήμων,
720 684 793 738 συ
832 687 937 754 μὲν
977 686 1169 755 λαβων
1205 685 1419 754 ταύτην
1458 682 1557 751 ἄγε
1597 686 1674 747 εἰς
1713 683 1774 737 τὸ

75 771 382 840 σπήλαιον,
423 771 563 837 πρὸς
588 770 766 838 μόνον
794 772 1004 838 ἔλεγεν,
1044 771 1112 822 06
1141 770 1234 823 καὶ
1260 790 1326 822 τα
1357 769 1614 838 κειμήλια
1639 765 1778 837 ἡμῖν

78 858 142 912 ἐν
170 853 420 924 ἀσφαλεῖ
441 854 902 924 τεθησαύρισται,
932 856 1025 907 και
1052 859 1266 922 καθείς,
1296 858 1337 907 ω’
1372 858 1555 925 φίλος,
1584 855 1677 906 και
1704 853 1779 923 τῷ

79 942 286 1011 στομίῳ
325 940 386 992 τό
427 944 593 1007 πῶμα
630 937 704 1002 ὦς
742 943 874 1002 ἔθος
912 939 1210 1008 ἐπαγαγών
1237 934 1338 1009 ἧκε
1373 937 1476 1009 τὴν
1511 942 1778 1007 ταχίστην
1809 928 1815 931 ’

6 1043 48 1078 10
78 1022 152 1089 ὦς
187 1022 354 1094 ἡμᾶς·
406 1021 435 1076 6
473 1024 534 1076 δὲ
573 1025 814 1093 πόλεμος
839 1024 973 1094 ἡμῖν
1000 1025 1246 1094 μελήσει.
1313 1023 1413 1078 τὸν
1440 1025 1501 1078 δὲ
1528 1022 1777 1076 ὑπασπι-

78 1107 217 1178 στὴν
245 1110 451 1177 ἱερεῖον
478 1110 640 1176 ἄγειν
675 1108 1068 1178 προσέταττεν,
1107 1107 1182 1172 ὥς
1207 1107 1279 1162 ἂν
1305 1115 1462 1172 θεοῖς
1490 1109 1780 1178 ἐγχωρίοις

80 1195 442 1262 ἐναγίσαντες
476 1192 622 1246 οὕτω
658 1196 754 1262 τῆς
791 1197 971 1263 μάχης
1006 1193 1253 1263 ἄρχοιεν.

184 1280 279 1331 καὶ
307 1275 336 1331 6
360 1279 464 1347 μὲν
490 1280 738 1347 Κνήμων
765 1277 826 1332 τὸ
855 1279 1343 1348 προστεταγμένον
1378 1281 1642 1345 ἔπραττε,
1684 1276 1778 1329 καὶ

78 1362 258 1416 πολλὰ
293 1362 398 1431 τὴν
425 1366 767 1428 Χαρίκλειαν
805 1361 1159 1430 ὀδυρομένην
1195 1364 1287 1415 καὶ
1324 1362 1480 1430 θαμὰ
1509 1361 1648 1428 πρὸς
1675 1361 1776 1414 τὸν

9 1467 50 1500 15
83 1449 369 1516 Θεαγένην
397 1447 850 1514 ἐπιστρέφουσαν
883 1441 988 1514 ἦγέ
1018 1467 1076 1499 τε
1115 1449 1207 1499 καὶ
1248 1448 1304 1509 ἐς
1330 1446 1391 1498 τὸ
1418 1446 1629 1513 ἄντρον
1658 1446 1779 1499 ἐνέ-

80 1535 232 1599 βαλε.
295 1529 356 1582 τὸ
394 1532 453 1583 δὲ
490 1531 563 1599 ἠν
590 1529 658 1583 οὐ
694 1533 918 1598 φύσεως
944 1534 1129 1599 ἔργον,
1169 1525 1259 1583 οἷα
1297 1529 1477 1583 πολλα
1513 1530 1642 1596 περὶ
1668 1535 1779 1599 γῆν

80 1635 139 1668 τε
165 1615 258 1669 καὶ
284 1612 394 1668 ὑπὸ
422 1618 530 1682 γῆν
557 1613 840 1683 αὐτόματα
860 1602 1282 1684 σηραγγοῦται,
1291 1614 1434 1668 ἄλλα
1462 1616 1656 1684 τέχνης
1678 1618 1780 1684 λῃ-

80 1704 311 1768 στρικῆς
337 1697 441 1768 τὴν
467 1699 646 1766 φύσιν
671 1700 1054 1769 μιμησαμένης
1089 1701 1181 1752 και
1216 1704 1422 1803 χειρῶν
1449 1702 1779 1767 Αἰγυπτίων

80 1783 329 1854 ὄρυγμα,
367 1783 506 1851 πρὸς
543 1784 735 1837 σύλων
772 1784 1038 1853 φυλακήν
1071 1786 1381 1887 περιέργως
1424 1781 1779 1852 κοιλαινόμε-

7 1887 50 1922 20
79 1889 200 1922 νον.
259 1874 517 1936 εἴργαστο
545 1869 606 1922 δὲ
633 1861 747 1922 ωδέ
768 1889 899 1932 πως.
957 1870 1189 1938 στόμιον
1214 1871 1286 1938 ἠν
1313 1868 1466 1921 αὐτω
1491 1869 1768 1922 στενόπο-
1793 1872 1863 1924 29

81 1953 184 2021 ρόν
207 1973 267 2006 τε
295 1954 386 2005 καὶ
413 1955 685 2022 ζοφῶδες,
708 1955 1009 2022 οἰκήματος
1036 1975 1285 2023 κρυφιου
1311 1955 1520 2021 θύραις
1545 1951 1779 2006 ὑποκεί-

79 2057 282 2106 μενον,
311 2033 385 2100 ὡς
409 2036 511 2090 τὸν
537 2035 711 2090 οὐδὸν
737 2039 929 2106 θύραν
956 2034 1132 2108 ἄλλην
1158 2043 1225 2108 τῇ
1255 2038 1486 2109 καθόδῳ
1512 2042 1780 2106 γίνεσθαι

82 2118 156 2184 ὥς
181 2120 320 2188 πρὸς
345 2120 448 2190 τήν
474 2126 684 2190 χρείαν.
747 2124 1010 2176 ἐνέπιπτέ
1031 2143 1089 2176 τε
1126 2119 1268 2192 αὐτῇ
1297 2123 1503 2194 ῥαδίως
1530 2124 1623 2175 καὶ
1650 2121 1779 2175 άνε-

82 2203 383 2259 πτύσσετο·
422 2208 484 2258 τὸ
507 2207 567 2259 δὲ
590 2204 838 2260 αὐτόθεν
861 2210 938 2269 εἰς
958 2207 1222 2271 αὐλῶνας
1243 2206 1506 2270 σκολιοὺς
1526 2206 1782 2270 ἀτάκτως

10 2308 52 2343 25
83 2291 425 2359 σχιζόμενον.
477 2291 534 2342 οί
555 2289 661 2359 γὰρ
691 2290 781 2343 ἐπὶ
807 2290 936 2354 τους
961 2291 1173 2361 μυχοὺς
1198 2291 1364 2361 πόροι
1393 2294 1485 2344 καὶ
1513 2292 1779 2359 αὔλακες,

84 2379 160 2445 πῇ
187 2375 290 2441 μὲν
316 2375 548 2436 ἕκαστος
570 2376 684 2444 ἰδία
711 2380 976 2443 τεχνικῶς
1003 2377 1382 2446 πλανώμενοι,
1411 2381 1488 2447 πῇ
1516 2377 1576 2429 δὲ
1605 2375 1780 2445 ἀλλ-η’-

85 2462 202 2521 λοις
241 2458 606 2528 ἐμπίπτοντες
642 2458 733 2512 καὶ
780 2457 1007 2529 ριζηδὸν
1052 2461 1418 2529 πλεκόμενοι,
1470 2460 1610 2526 πρὸς
1646 2463 1782 2528 μιάν

87 2541 440 2612 εὐρυχωρίαν
477 2541 580 2611 τήν
620 2543 712 2597 ἐπὶ
747 2543 845 2597 τὸν
883 2547 1146 2613 πυθμένα
1185 2546 1521 2613 συρρέοντες
1546 2543 1780 2597 ἀνεστο-

85 2631 324 2695 μοῦντο,
365 2626 497 2680 καθ’
528 2626 558 2680 ὃ
596 2628 688 2680 καὶ
728 2631 934 2697 φέγγος
960 2628 1218 2697 ἀμυδρὸν
1258 2633 1318 2682 ἔκ
1357 2649 1510 2692 τινος
1549 2628 1777 2695 διατρή-

14 2729 57 2764 30
89 2725 228 2773 σεως
268 2706 406 2778 πρὸς
447 2708 638 2779 ἄκροις
671 2716 767 2781 τῆς
803 2716 1000 2783 λίμνης
1037 2714 1350 2767 ἐνέπιπτεν.

105 2792 106 2795 “
195 2796 447 2848 ἐνταῦθα
473 2795 548 2859 ὠς
584 2800 800 2865 καθῆκε
833 2796 937 2865 τήν
966 2802 1310 2865 Χαρίκλειαν
1337 2796 1365 2850 6
1394 2798 1660 2865 Κνήμων,
1689 2793 1781 2847 καὶ

86 2876 225 2945 πρὸς
249 2877 311 2931 τὸ
339 2882 574 2950 ἔσχατον
600 2885 700 2934 τοῦ
727 2871 943 2949 ἄντρου
979 2884 1267 2950 διεβίβασε
1305 2886 1371 2950 τῇ
1400 2884 1565 2949 πείρα
1592 2898 1778 2947 χειρα-

171 2985 386 3019 namon.
1412 2973 1441 3017 3
1483 3009 1517 3035 ⁶
