1916 3132
157 123 266 176 290
841 128 1189 176 ΔΕΚΑΤΟΝ

161 262 346 333 παρὸν
374 262 745 335 εὑρεθείσης),
788 263 892 318 οὐκ
920 267 1027 334 ἔχω
1054 266 1259 335 λέγειν,
1295 263 1432 334 ὑμῖν
1459 266 1522 320 δὲ
1547 269 1866 321 καταλείπω

161 357 417 417 σκοπεῖν,
457 347 584 415 οὐὸἵ
615 353 793 423 εἴπερ,
831 346 905 419 ἣν
946 348 1224 420 ἐξῴκισαν
1258 354 1357 420 τῆς
1395 349 1736 421 ἐνεγκούσης
1772 349 1866 406 ἐπὶ
1911 339 1916 349 ἒ

162 433 376 504 πέρατα
396 437 500 503 γῆς
526 434 748 503 ἔσχατα,
771 424 940 496 αὖθις
967 434 1027 488 δὲ
1047 439 1623 503 θαυματουργοῦντες
1650 437 1712 489 ἐν
1738 436 1866 506 αἰχ-

161 518 400 590 μαλώτῳ
432 520 499 588 τῇ
539 516 679 588 τύχῃ
719 519 988 587 φέροντες
1027 518 1394 591 ἐνεχείρισαν,
1434 521 1648 590 ταύτην
1676 517 1867 584 αὐτοῖς
1898 519 1903 523 ’

162 605 337 657 πάλιν
377 602 859 673 ἱερουργουμένην
886 602 1305 673 προσδέξονται.
1371 605 1464 658 καὶ
1489 601 1562 675 ἢν
1587 601 1661 668 ὦς
1694 605 1865 659 πολέ-
1901 620 1916 657 ι

161 708 294 757 μιον
320 685 425 741 οὐκ
463 685 693 741 ἀνεῖλον
730 686 822 741 καὶ
849 685 1202 757 αἰχμάλωτον
1232 691 1547 759 γενομένην
1584 687 1691 743 οὐκ
1731 688 1867 742 ἐλυ-
1913 762 1916 763 ⁷

161 773 445 843 μηνάμην,
473 772 685 841 ταύτην
709 773 999 841 θυγατέρα
1027 783 1308 843 φανεῖσαν
1337 773 1631 842 ἐναγίζειν,
1671 771 1747 876 αἱς
1772 774 1867 828 καὶ

162 856 300 927 ὑμῖν
339 857 501 919 ὄντος
538 876 680 910 κατα
714 857 992 927 βούλησιν
1028 861 1133 911 τοῦ
1165 857 1507 927 πράγματος,
1548 859 1669 928 οὐχ
1685 856 1866 928 ὑπερ-
1911 850 1916 867 ²

162 944 442 1013 θήσομαι,
493 940 628 996 οὐδε
680 942 928 1011 πήσομαι
983 941 1015 994 ὃ
1052 941 1146 995 καὶ
1184 941 1338 1013 αλλῳ
1383 943 1654 1012 πασχοντι
1699 945 1916 1018 πατρὶ

165 1026 535 1096 συγγνωστὸν
563 1031 696 1090 ἰσως
722 1023 795 1079 ἂν
819 1047 912 1095 ην,
951 1024 1087 1079 οὐδε
1115 1024 1356 1095 ὀκλάσω,
1386 1026 1518 1081 οὐδὲ
1546 1029 1623 1091 εἰς
1649 1029 1867 1082 ἱκεσίαν
1882 1029 1916 1092 14

164 1113 436 1182 τρέψομαι
444 1111 798 1180 συγγνώμην
823 1113 1026 1174 δοῦναι
1054 1110 1148 1164 καὶ
1173 1109 1609 1180 αφοσιεόσασθαι
1633 1110 1697 1166 τὸ
1721 1131 1916 1195 παρ-·
1913 1159 1916 1161 ,

168 1194 235 1250 ὸν
261 1195 404 1265 πρὸς
427 1193 528 1249 τὸν
553 1195 751 1264 νόμον,
791 1198 860 1266 τῇ
887 1191 1057 1266 φύσει
1083 1196 1257 1250 πλέον
1298 1199 1391 1250 καὶ
1426 1207 1542 1260 τοῖς
1578 1197 1639 1251 ἐκ
1664 1198 1916 1268 ταύτης

165 1283 375 1335 πάθεσι
360 1282 843 1368 προσθεμένους,
869 1299 957 1343 Κως
994 1277 1119 1344 ἐξὸν
1162 1283 1256 1335 καὶ
1283 1282 1449 1354 ἑτέρῳ
1475 1283 1664 1355 τρόπῳ
1689 1288 1868 1352 θερα-
1912 1296 1916 1334 -ζ

166 1343 404 1420 πεύειν
391 1364 452 1419 τὸ
479 1371 667 1468 θεῖον)
708 1363 836 1418 ἀλλ’
860 1364 1480 1437 ὅτι-Ψσυμπάσχοντεςε
1449 1377 1583 1437 ημῖν
1609 1365 1676 1420 οὐ
1703 1366 1916 1438 λελή-

165 1457 306 1504 θατε
333 1452 426 1503 καὶ
453 1470 528 1512 ως
553 1451 669 1503 ἰὸια
704 1470 771 1503 τα
807 1447 1045 1552 ημέτερα
1082 1455 1240 1555 πάθη
1278 1456 1734 1521 περιαλγοῦντες,
1772 1467 1867 1505 το-
1884 1462 1916 1506 11

160 1536 351 1607 σούτω
389 1533 560 1603 καμοὶ
599 1535 974 1606 προτιμότερα
1010 1536 1076 1590 τὰ
1114 1535 1373 1606 ὑμέτερα,
1415 1535 1609 1605 ὀλίγον
1645 1537 1749 1605 μὲν
1773 1540 1916 1606 τῆς

167 1620 441 1689 ακληρίας
466 1619 638 1688 λόγον
663 1622 1001 1692 ποιουμένῳ,
1042 1619 1238 1690 ὀλίγον
1264 1622 1326 1674 δὲ
1361 1625 1458 1689 τῆς
1491 1620 1695 1685 αθλίας
1729 1641 1870 1675 ταυ-

166 1703 294 1774 τησὶ
325 1707 611 1773 Περσίνης
637 1706 1109 1775 κατοδυρομένης,
1149 1707 1514 1775 πρωτοτόκου
1550 1725 1610 1759 τε
1635 1705 1748 1776 ἅμα
1774 1706 1870 1759 καὶ
1908 1730 1916 1754 ι

168 1788 382 1859 ἀγόνου
420 1791 846 1857 καθισταμένης.
926 1788 1087 1859 ὥστε,
1129 1793 1181 1843 εί
1214 1792 1388 1860 δοκεῖ,
1428 1791 1729 1844 παύσασθε
1764 1791 1870 1859 μὲν
1909 1815 1916 1819 ·

170 1873 517 1942 δακρύοντες
563 1875 657 1924 καὶ
703 1871 847 1942 ἡμᾶς
895 1874 1367 1942 κατοικτιζόμενοι
1404 1876 1613 1945 μάτην,
1668 1878 1768 1944 τῆς
1804 1866 1916 1929 δὲεὲ

173 1960 498 2028 ἱερουργίας
524 1956 795 2026 ἐχώμεθα.
870 1960 943 2011 σὺ
971 1958 1033 2012 δὲ
1060 1952 1105 2011 εό
1138 1959 1390 2027 θύγατερ
1418 1963 1634 2028 (πρῶτα
1658 1960 1767 2030 γάρ
1806 1974 1870 2013 σε

173 2043 270 2095 καὶ
308 2040 522 2095 ὕστατα
559 2040 622 2094 τὸ
659 2040 913 2111 ποθητόν
939 2042 1119 2111 ὄνομα
1155 2048 1320 2096 τοῦτο
1358 2046 1869 2114 προσφθέγγομαι),

173 2148 215 2180 ω
256 2129 439 2196 μάτην
464 2128 569 2194 μὲν
594 2125 794 2195 ωραία,
833 2146 1014 2196 ματην
1040 2128 1102 2180 δὲ
1128 2126 1482 2198 ἄνευραμένη
1512 2126 1641 2191 τοὺς
1663 2131 1916 2198 γεννή-

175 2227 399 2278 σαντας,
437 2205 482 2264 εό
509 2214 607 2310 τῇς
633 2210 954 2280 αλλοδαπῆς
977 2213 1300 2282 βαρυτέραν
1333 2211 1437 2282 τὴν
1462 2213 1703 2282 πατρίδα
1728 2213 1869 2266 δυσ-
1913 2216 1916 2217 ’

169 2296 475 2365 τυχήσασα,
516 2294 558 2347 ὠ
596 2296 992 2366 σωτηριῶδους
1026 2317 1129 2366 μεν
1164 2300 1262 2365 τῆς
1296 2297 1471 2367 ξένης,
1524 2295 1611 2350 ἐπ’
1647 2295 1916 2374 ὀλέθρῳ8

172 2382 234 2434 δὲ
260 2381 575 2450 πειρωμένη
602 2383 698 2450 τῆς
725 2382 1086 2450 ἐνεγκούσης,
1112 2382 1188 2450 μή
1213 2401 1307 2451 μοι
1333 2381 1526 2450 σύγχει
1550 2380 1652 2435 τὸν
1676 2379 1899 2456 θυμὸν
1902 2387 1907 2389 ’

171 2463 507 2534 ὀδυρομένη,
548 2460 755 2518 ἀλλατ
723 2463 1078 2547 ,ρ-ανδρεῖον
1120 2465 1304 2519 ε’κεῖνό
1341 2480 1446 2519 σου
1485 2465 1748 2536 φρόνημα
1773 2465 1909 2518 καὶ

171 2553 462 2620 βασίλειον
501 2552 629 2616 νῦν,
673 2554 826 2618 εἴπερ
867 2551 999 2603 ποτὲ
1026 2548 1118 2603 καὶ
1145 2550 1468 2652 πρότερον,ῑ
1459 2547 1866 2618 ε’πιδείκνυσο,

174 2636 268 2688 καὶ
296 2633 434 2687 ἕπου
462 2636 534 2703 τῷ
574 2634 933 2703 γεννήσαντι,
973 2621 1468 2704 νυμφοστολῆσαιῑ
1461 2655 1566 2704 μεν
1591 2633 1661 2687 ού
1686 2636 1901 2703 δυνη-

172 2721 351 2787 θέντι,
380 2716 513 2772 οὐδε
542 2716 634 2771 ε’πὶ
659 2694 966 2783 πασταδαέ
971 2718 1062 2772 καὶ
1090 2718 1384 2787 θαλαμους
1409 2718 1696 2788 αγαγοντι,
1727 2715 1916 2798 πρὸςᾳ

175 2805 237 2858 δὲ
263 2806 477 2858 θυσίαν
502 2806 811 2871 κοσμοῦντι
836 2803 932 2856 καὶ
957 2805 1133 2874 δᾷδας
1160 2800 1229 2856 οὐ
1252 2806 1560 2873 γαμηλίους
1585 2801 1711 2855 αλλ’
1739 2803 1900 2857 ἑπι-

173 2891 421 2958 βωμίους
447 2885 695 2955 ἅπτοντι,
734 2889 881 2940 καιτ
844 2908 955 2957 ,ην
989 2907 1207 2957 αμαχον
1232 2888 1465 2958 ταυτηνὶ
1500 2889 1600 2940 τοῦ
1625 2886 1907 2948 καλλους
