1916 3132
187 107 250 158 16
613 163 616 166 Δ
879 110 1174 158 ΠΡΩΤΟΝ

179 232 422 316 τυφῶνιΥ
438 249 688 316 βληθείς,
728 237 863 310 αὖος
901 246 1255 316 ἀπόπληκτος
1293 249 1585 317 εἱστήκειν.
1638 250 1744 320 τὴν
1771 253 1874 306 Θί-

180 333 324 399 σβην
350 330 740 402 περιέβλεπον,
763 329 866 384 οὐκ
895 329 983 384 οἶδ
991 329 1003 350 ’
1029 329 1177 394 ὅπως
1202 331 1408 403 ἑαυτὴν
1429 332 1870 389 ὑποστείλασανό

176 413 280 483 τὴν
319 418 521 484 κλίνην
559 415 651 468 καὶ
681 413 779 468 τὸν
815 417 1079 486 θάλαμον
1120 417 1184 470 ἐν
1222 417 1411 489 κύκλῳ
1437 419 1870 488 περιεσκόπουν,

176 499 354 552 εἰπεῖν
393 519 445 551 τι
483 500 793 569 διαπορῶν,
834 501 1037 566 πρᾶξαι
1076 499 1392 569 ἀμηχανῶν.
1470 502 1723 557 ἐκπίπτει
1759 523 1870 572 μου

174 581 267 636 καὶ
294 579 356 636 τὸ
383 584 542 653 ξίφος
567 583 676 637 τῶν
701 589 920 653 χειρῶν.
961 586 1054 638 καὶ
1080 582 1142 638 τὸ
1161 583 1316 654 μὲνὴ
1341 586 1661 657 Δημαινέτη
1684 602 1865 656 προσ-
1895 610 1916 643 5

174 668 467 736 δραμοῦσα
517 670 837 731 σπουδαίως
885 667 1237 738 ἀνήρπασεν·
1296 668 1324 721 ὁ
1373 670 1434 723 δὲ
1473 669 1654 741 πατὴρ
1695 672 1758 724 ἐν
1795 659 1871 743 τῷ

174 749 465 822 ἀκινδύνῳ
503 751 748 821 γεγονώς
788 753 1076 822 ἐπιβάλλει
1113 754 1173 806 τέ
1207 773 1301 821 μοι
1328 753 1422 817 τὰς
1446 764 1632 823 χεῖρας
1658 755 1752 808 καὶ
1777 756 1869 809 δε·-

175 845 336 905 σμεῖν
377 836 627 906 ἐκέλευε,
675 837 854 890 πολλοὶ
899 840 994 907 τῆς
1031 838 1382 907 Δημαινέτης
1425 837 1867 909 παροξυνούσης,

175 919 375 974 καὶαού
413 924 586 973 ταῦτα
624 914 696 990 ἦν
734 920 769 974 ὁὶ
807 919 1612 991 προηγόρευον;“βοῶσης,“ῶς
1649 923 1869 992 φυλάτ-

173 1010 375 1058 τεσθαι
402 1005 672 1074 προσήκει
699 1004 760 1059 τὸ
786 1005 1099 1076 μειράκιον,
1141 1003 1213 1069 ῶς
1251 1006 1642 1074 ἐπιβουλεύσει
1667 1010 1868 1077 καιροῦ
1898 1027 1916 1062 1

175 1090 519 1159 λαβόμενον;
575 1089 765 1156 ε’[όρων
813 1088 875 1143 τὸ
922 1090 1169 1158 βλέμμα,
1219 1094 1425 1158 συνίην
1464 1094 1561 1159 τῆς
1601 1092 1866 1156 διανοίας.

174 1174 206 1227 ὃ
245 1175 305 1227 δὲ
344 1173 729 1244 προηγόρευες
769 1175 960 1242 είπῶν,
1002 1172 1126 1227 ἀλλ’
1163 1171 1461 1243 ἠπίστουν,
1500 1178 1624 1228 τότε
1660 1175 1766 1243 μὲν
1803 1175 1867 1230 ἐν

175 1260 399 1328 δεσμοῖς
426 1255 554 1326 εἶχε,
594 1259 777 1326 λέγειν
812 1278 864 1312 τι
901 1259 1228 1327 βουλομένῳ
1254 1262 1366 1311 τῶν
1392 1257 1575 1312 ὄντων
1601 1260 1692 1313 καὶ
1719 1260 1865 1329 φρά-

173 1347 283 1407 ζειν
324 1339 426 1395 ούκ
467 1342 782 1412 ἐπιτρέψας.

89 1429 152 1480 13
277 1426 389 1496 ἅμα
430 1428 489 1479 δὲ
528 1431 596 1497 τῇ
634 1428 706 1496 ἕῳ
744 1425 935 1496 λαβῶν
973 1425 1149 1490 οὕτως
1186 1423 1258 1489 ῶς
1297 1422 1446 1495 εἶχον
1483 1429 1725 1498 δεσμῶν,
1775 1427 1912 1482 ἑπὶι

170 1510 269 1564 τὸν
308 1515 488 1580 δῆμον
526 1504 646 1580 ἦγε,
691 1513 780 1564 καὶ
820 1515 918 1579 τῆς
957 1515 1207 1580 κεφαλῆς
1243 1511 1406 1565 κόνιν
1442 1512 1865 1583 καταχεάμενος,

171 1593 276 1648 οὐκ
306 1595 397 1648 ἐπὶ
423 1595 706 1657 τοιαύταις
730 1596 833 1664 μὲν
862 1597 1102 1663 ἐλπίσιν,
1131 1589 1178 1647 ὦ
1210 1594 1516 1666 Ἀθηναῖοι,
1544 1597 1709 1650 τόνδε
1734 1594 1866 1651 ἀνέ-

170 1699 409 1748 τρεφον,
462 1681 672 1747 ἔλεγεν,
728 1676 871 1731 ἀλλά
918 1684 1019 1732 τοῦ
1066 1679 1252 1748 γήρως
1298 1677 1509 1748 τούμοῦ
1555 1683 1866 1750 βακτηρίαν

172 1767 404 1818 ἔσεσθαι
432 1765 788 1831 προσδοκῶν,
830 1760 1016 1831 ἐπειδὴ
1045 1763 1276 1831 τάχιστά
1301 1783 1395 1830 μοι
1423 1763 1662 1832 ἐγένετο,
1699 1765 1866 1819 ἐλευ-

169 1851 371 1915 θερίου
397 1866 455 1899 τε
480 1849 691 1916 τροφῆς
715 1845 987 1914 μεταδούς
1013 1848 1106 1899 καὶ
1133 1846 1198 1899 τὰ
1224 1849 1416 1915 πρῶτα
1452 1837 1569 1899 τῶν
1604 1852 1862 1918 γραμμά-
1891 1868 1916 1900 2ι

169 1953 282 1986 των
309 1930 693 1999 διδαξάμενος,
723 1932 800 1993 εἰς
825 1929 954 1992 τοὺς
981 1931 1268 1999 φράτορας
1294 1933 1386 1983 καὶ
1411 1931 1684 2000 γεννήτας
1711 1935 1864 1987 εἰσα-

169 2015 378 2085 γαγών,
421 2016 497 2076 εἰς
536 2015 785 2083 ἐφήβους
825 2013 1129 2084 ἐγγράψας,
1170 2018 1404 2084 πολίτην
1431 2012 1702 2085 ὑμέτερον
1725 2016 1864 2072 κατὰ

169 2099 299 2162 τούς
336 2100 545 2168 νόμους
582 2096 897 2167 ἀποφήνας,
938 2098 1121 2151 πάντα
1158 2098 1257 2151 τὸν
1283 2102 1411 2167 βίον
1441 2099 1532 2152 ἐπὶ
1557 2101 1737 2172 τούτῳ
1763 2102 1863 2155 τὸν

171 2183 307 2253 ε’μόν
347 2182 635 2236 ἐσάλευον.
690 2183 807 2235 ἐπεὶ
835 2183 896 2234 δὲ
923 2182 1137 2235 τούτων
1163 2181 1430 2236 ἁπάντων
1458 2187 1644 2253 λήθην
1670 2183 1861 2254 λαβών

172 2267 266 2336 ἐμὲ
293 2268 396 2336 μὲν
423 2265 620 2335 ὕβρισε
646 2265 712 2319 τὰ
739 2271 950 2335 πρῶτα,
990 2265 1083 2319 καὶ
1110 2270 1347 2336 πληγαῖς
1371 2270 1602 2337 ταυτηνὶ
1629 2267 1732 2337 τὴν
1757 2289 1858 2322 κα-
1889 2287 1916 2320 2.1

169 2353 236 2406 τὰ
274 2351 483 2420 νόμους
521 2351 907 2404 συνοικοῦσάν
946 2371 1039 2420 μοι
1078 2349 1332 2422 ᾐκίσατο,
1371 2352 1526 2414 τέλος
1563 2353 1624 2405 δὲ
1660 2354 1752 2405 καὶ
1778 2352 1859 2416 ξι-

169 2437 352 2506 φήρης
390 2435 615 2503 νύκτωρ
656 2434 888 2502 ἐπῆλθε,
930 2434 1023 2487 καὶ
1051 2437 1201 2504 παρὰ
1229 2439 1502 2489 τοσοῦτον
1527 2435 1722 2503 γέγονε
1748 2454 1859 2489 πα-

167 2503 449 2589 τραλοίαέ
456 2516 586 2587 παρ’
611 2517 745 2571 ὅσον
772 2517 1037 2588 ἀντέσχεν
1062 2517 1094 2588 ἡ
1124 2520 1258 2589 τύχη
1279 2517 1680 2589 ἀπροσδοκήτῳ
1700 2519 1860 2590 φόβῳ

168 2602 230 2657 τὸ
270 2604 427 2672 ξίφος
464 2606 578 2655 τῶν
617 2601 819 2656 τούτου
845 2608 1047 2671 χειρῶν
1076 2604 1335 2657 ἐκπεσεῖν
1361 2602 1856 2671 παρασκευάσασα,

169 2685 564 2756 καταπέφευγά
611 2706 669 2739 τε
708 2686 848 2755 πρὸς
885 2685 1028 2756 ὑμᾶς
1066 2689 1157 2740 καὶ
1195 2688 1591 2755 προσαγγέλλω
1631 2689 1851 2751 τοῦτον,
1883 2708 1916 2741 3(

100 2770 428 2840 ζαύτόχειρ
455 2770 558 2839 μὲν
585 2768 759 2823 αὐτοῦ.
784 2773 1051 2838 γενέσθαι
1077 2770 1216 2824 κατά
1243 2768 1373 2832 τούς
1397 2768 1605 2838 νόμους
1633 2753 1856 2832 έξὸν>ού

167 2857 495 2924 βουληθείς,
537 2852 671 2921 ὑμῖν
710 2855 770 2906 δὲ
808 2854 870 2912 τὸ
909 2859 1024 2908 πᾶν
1062 2853 1401 2922 καταλιπών,
1441 2829 1595 2922 νόμῳ
1631 2854 1858 2920 βέλτιον
