<?xml version="1.0" encoding="UTF-8"?>
<!DOCTYPE html PUBLIC "-//W3C//DTD XHTML 1.0 Transitional//EN"
    "http://www.w3.org/TR/xhtml1/DTD/xhtml1-transitional.dtd">
<html xmlns="http://www.w3.org/1999/xhtml" xml:lang="en" lang="en">
 <head>
  <title>
</title>
<meta http-equiv="Content-Type" content="text/html;charset=utf-8" />
  <meta name='ocr-system' content='tesseract 3.04.00' />
  <meta name='ocr-capabilities' content='ocr_page ocr_carea ocr_par ocr_line ocrx_word'/>
</head>
<body>
  <div class='ocr_page' id='page_1' title='image "./aethiopicorumlib00heliuoft_0224.png"; bbox 0 0 1916 3132; ppageno 0'>
   <div class='ocr_carea' id='block_1_1' title="bbox 1130 0 1408 17">
    <p class='ocr_par' dir='ltr' id='par_1_1' title="bbox 1130 0 1408 17">
     <span class='ocr_line' id='line_1_1' title="bbox 1130 0 1408 17; baseline 0 3115"><span class='ocrx_word' id='word_1_1' title='bbox 1130 0 1408 17; x_wconf 95' lang='lat' dir='ltr'><strong><em> </em></strong></span> 
     </span>
    </p>
   </div>
   <div class='ocr_carea' id='block_1_2' title="bbox 223 179 1244 231">
    <p class='ocr_par' dir='ltr' id='par_1_2' title="bbox 223 179 1244 231">
     <span class='ocr_line' id='line_1_2' title="bbox 223 179 1244 231; baseline -0.006 0"><span class='ocrx_word' id='word_1_2' title='bbox 223 180 329 231; x_wconf 81' lang='lat'><strong><em>214</em></strong></span> <span class='ocrx_word' id='word_1_3' title='bbox 893 179 1244 227; x_wconf 88' lang='grc' dir='ltr'><em>ΕΒΔΟΜΟΝ</em></span> 
     </span>
    </p>
   </div>
   <div class='ocr_carea' id='block_1_3' title="bbox 224 313 1916 1231">
    <p class='ocr_par' dir='ltr' id='par_1_3' title="bbox 224 313 1916 1231">
     <span class='ocr_line' id='line_1_3' title="bbox 226 313 1914 397; baseline -0.002 -25"><span class='ocrx_word' id='word_1_4' title='bbox 226 318 354 388; x_wconf 79' lang='grc' dir='ltr'><strong><em>ἄχρι</em></strong></span> <span class='ocrx_word' id='word_1_5' title='bbox 402 317 586 386; x_wconf 91' lang='grc' dir='ltr'><strong><em>λόγων</em></strong></span> <span class='ocrx_word' id='word_1_6' title='bbox 632 314 772 385; x_wconf 85' lang='grc' dir='ltr'><strong><em>πρὸς</em></strong></span> <span class='ocrx_word' id='word_1_7' title='bbox 821 315 921 385; x_wconf 80' lang='grc' dir='ltr'><strong><em>τὴν</em></strong></span> <span class='ocrx_word' id='word_1_8' title='bbox 964 314 1241 384; x_wconf 79' lang='grc' dir='ltr'><em>Ἀρσάκην</em></span> <span class='ocrx_word' id='word_1_9' title='bbox 1241 313 1519 397; x_wconf 60' lang='grc' dir='ltr'><strong><em>ῥμ-ιλίας</em></strong></span> <span class='ocrx_word' id='word_1_10' title='bbox 1563 315 1914 383; x_wconf 85' lang='grc' dir='ltr'><strong><em>ποιούμενος.</em></strong></span> 
     </span>
     <span class='ocr_line' id='line_1_4' title="bbox 227 394 1916 485; baseline -0.001 -29"><span class='ocrx_word' id='word_1_11' title='bbox 227 402 394 473; x_wconf 81' lang='grc' dir='ltr'><strong><em>ἀρκεῖ</em></strong></span> <span class='ocrx_word' id='word_1_12' title='bbox 413 403 516 471; x_wconf 78' lang='grc' dir='ltr'><strong><em>μὲν</em></strong></span> <span class='ocrx_word' id='word_1_13' title='bbox 541 400 648 471; x_wconf 79' lang='grc' dir='ltr'><strong><em>γὰρ</em></strong></span> <span class='ocrx_word' id='word_1_14' title='bbox 677 406 807 464; x_wconf 79' lang='grc' dir='ltr'><strong><em>ἴσως</em></strong></span> <span class='ocrx_word' id='word_1_15' title='bbox 835 401 928 454; x_wconf 83' lang='grc' dir='ltr'><strong><em>καὶ</em></strong></span> <span class='ocrx_word' id='word_1_16' title='bbox 943 394 1266 485; x_wconf 61' lang='lat' dir='ltr'><em>v6si42762w</em></span> <span class='ocrx_word' id='word_1_17' title='bbox 1241 403 1419 471; x_wconf 79' lang='grc' dir='ltr'><strong><em>εαυτςό</em></strong></span> <span class='ocrx_word' id='word_1_18' title='bbox 1446 400 1746 469; x_wconf 84' lang='grc' dir='ltr'><strong><em>συνειδότα</em></strong></span> <span class='ocrx_word' id='word_1_19' title='bbox 1762 419 1916 468; x_wconf 76' lang='lat' dir='ltr'><em>‹pav—</em></span> 
     </span>
     <span class='ocr_line' id='line_1_5' title="bbox 226 480 1916 569; baseline -0.001 -29"><span class='ocrx_word' id='word_1_20' title='bbox 226 487 626 569; x_wconf 73' lang='grc' dir='ltr'><strong><em>λον&gt;εὐμενεία</em></strong></span> <span class='ocrx_word' id='word_1_21' title='bbox 664 488 730 555; x_wconf 82' lang='grc' dir='ltr'><strong><em>τῇ</em></strong></span> <span class='ocrx_word' id='word_1_22' title='bbox 757 485 907 552; x_wconf 80' lang='grc' dir='ltr'><strong><em>παρὰ</em></strong></span> <span class='ocrx_word' id='word_1_23' title='bbox 935 488 1049 538; x_wconf 76' lang='grc' dir='ltr'><strong><em>τῶν</em></strong></span> <span class='ocrx_word' id='word_1_24' title='bbox 1075 488 1414 569; x_wconf 77' lang='grc' dir='ltr'><strong><em>κρειττόνων</em></strong></span> <span class='ocrx_word' id='word_1_25' title='bbox 1423 480 1775 552; x_wconf 77' lang='grc' dir='ltr'><strong><em>επελπιζειν</em></strong></span> <span class='ocrx_word' id='word_1_26' title='bbox 1814 503 1916 538; x_wconf 81' lang='grc' dir='ltr'><strong><em>κα-</em></strong></span> 
     </span>
     <span class='ocr_line' id='line_1_6' title="bbox 228 566 1916 641; baseline -0.002 -16"><span class='ocrx_word' id='word_1_27' title='bbox 228 570 329 625; x_wconf 74' lang='grc' dir='ltr'><strong><em>λόύ</em></strong></span> <span class='ocrx_word' id='word_1_28' title='bbox 368 572 430 624; x_wconf 81' lang='grc' dir='ltr'><strong><em>δὲ</em></strong></span> <span class='ocrx_word' id='word_1_29' title='bbox 470 571 563 625; x_wconf 86' lang='grc' dir='ltr'><strong><em>καὶ</em></strong></span> <span class='ocrx_word' id='word_1_30' title='bbox 580 569 956 640; x_wconf 61' lang='grc' dir='ltr'><strong><em>ανθρωπωνΓ</em></strong></span> <span class='ocrx_word' id='word_1_31' title='bbox 966 589 1095 632; x_wconf 92' lang='grc' dir='ltr'><strong><em>τους</em></strong></span> <span class='ocrx_word' id='word_1_32' title='bbox 1146 571 1422 632; x_wconf 79' lang='grc' dir='ltr'><strong><em>συνόντας</em></strong></span> <span class='ocrx_word' id='word_1_33' title='bbox 1459 573 1783 636; x_wconf 67' lang='grc' dir='ltr'><strong><em>πείθοντα&gt;</em></strong></span> <span class='ocrx_word' id='word_1_34' title='bbox 1807 566 1916 641; x_wconf 59' lang='grc' dir='ltr'><strong><em>σῂν</em></strong></span> 
     </span>
     <span class='ocr_line' id='line_1_7' title="bbox 226 647 1911 726; baseline -0.002 -16"><span class='ocrx_word' id='word_1_35' title='bbox 226 660 513 726; x_wconf 79' lang='grc' dir='ltr'><strong><em>παρρησία</em></strong></span> <span class='ocrx_word' id='word_1_36' title='bbox 539 654 637 709; x_wconf 88' lang='grc' dir='ltr'><strong><em>τὸν</em></strong></span> <span class='ocrx_word' id='word_1_37' title='bbox 666 658 961 723; x_wconf 78' lang='grc' dir='ltr'><strong><em>ἐπίκαιρον</em></strong></span> <span class='ocrx_word' id='word_1_38' title='bbox 987 659 1191 708; x_wconf 83' lang='grc' dir='ltr'><strong><em>τοῦτον</em></strong></span> <span class='ocrx_word' id='word_1_39' title='bbox 1215 657 1343 722; x_wconf 91' lang='grc' dir='ltr'><strong><em>βίον</em></strong></span> <span class='ocrx_word' id='word_1_40' title='bbox 1371 655 1601 721; x_wconf 90' lang='grc' dir='ltr'><strong><em>διάγειν.</em></strong></span> <span class='ocrx_word' id='word_1_41' title='bbox 1655 647 1911 723; x_wconf 53' lang='grc' dir='ltr'><strong><em>προσεπίκ-</em></strong></span> 
     </span>
     <span class='ocr_line' id='line_1_8' title="bbox 224 737 1916 808; baseline -0.001 -15"><span class='ocrx_word' id='word_1_42' title='bbox 224 746 318 793; x_wconf 88' lang='grc' dir='ltr'><strong><em>θει</em></strong></span> <span class='ocrx_word' id='word_1_43' title='bbox 344 740 406 793; x_wconf 91' lang='grc' dir='ltr'><strong><em>δε</em></strong></span> <span class='ocrx_word' id='word_1_44' title='bbox 432 739 685 808; x_wconf 80' lang='grc' dir='ltr'><strong><em>κάκεῖνα,</em></strong></span> <span class='ocrx_word' id='word_1_45' title='bbox 724 759 799 800; x_wconf 92' lang='grc' dir='ltr'><strong><em>ως</em></strong></span> <span class='ocrx_word' id='word_1_46' title='bbox 826 738 1047 808; x_wconf 91' lang='grc' dir='ltr'><strong><em>σφόδρα</em></strong></span> <span class='ocrx_word' id='word_1_47' title='bbox 1083 737 1186 808; x_wconf 91' lang='grc' dir='ltr'><strong><em>χρὴ</em></strong></span> <span class='ocrx_word' id='word_1_48' title='bbox 1213 739 1538 808; x_wconf 76' lang='grc' dir='ltr'><strong><em>προσδοκᾶν</em></strong></span> <span class='ocrx_word' id='word_1_49' title='bbox 1566 737 1658 791; x_wconf 85' lang='grc' dir='ltr'><strong><em>καὶ</em></strong></span> <span class='ocrx_word' id='word_1_50' title='bbox 1686 739 1916 806; x_wconf 85' lang='grc' dir='ltr'><strong><em>ἐπιβου-</em></strong></span> 
     </span>
     <span class='ocr_line' id='line_1_9' title="bbox 226 820 1916 894; baseline -0.002 -16"><span class='ocrx_word' id='word_1_51' title='bbox 226 826 451 879; x_wconf 85' lang='grc' dir='ltr'><strong><em>λεύσειν</em></strong></span> <span class='ocrx_word' id='word_1_52' title='bbox 488 830 556 894; x_wconf 82' lang='grc' dir='ltr'><strong><em>τῇ</em></strong></span> <span class='ocrx_word' id='word_1_53' title='bbox 579 821 818 894; x_wconf 81' lang='grc' dir='ltr'><strong><em>Ἀρσάκῃ</em></strong></span> <span class='ocrx_word' id='word_1_54' title='bbox 846 822 947 876; x_wconf 88' lang='grc' dir='ltr'><strong><em>τὸν</em></strong></span> <span class='ocrx_word' id='word_1_55' title='bbox 969 822 1314 892; x_wconf 84' lang='grc' dir='ltr'><strong><em>Ἀχαιμένην,</em></strong></span> <span class='ocrx_word' id='word_1_56' title='bbox 1356 820 1539 891; x_wconf 79' lang='grc' dir='ltr'><strong><em>ἄνδρα</em></strong></span> <span class='ocrx_word' id='word_1_57' title='bbox 1566 823 1777 876; x_wconf 86' lang='grc' dir='ltr'><strong><em>δοῦλον</em></strong></span> <span class='ocrx_word' id='word_1_58' title='bbox 1813 821 1916 892; x_wconf 77' lang='grc' dir='ltr'><strong><em>μὲν</em></strong></span> 
     </span>
     <span class='ocr_line' id='line_1_10' title="bbox 225 904 1916 995; baseline -0.002 -33"><span class='ocrx_word' id='word_1_59' title='bbox 225 909 326 979; x_wconf 87' lang='grc' dir='ltr'><strong><em>τὴν</em></strong></span> <span class='ocrx_word' id='word_1_60' title='bbox 365 908 541 979; x_wconf 82' lang='grc' dir='ltr'><strong><em>τύχην</em></strong></span> <span class='ocrx_word' id='word_1_61' title='bbox 567 908 891 995; x_wconf 77' lang='grc' dir='ltr'><strong><em>(ἀντίθετον</em></strong></span> <span class='ocrx_word' id='word_1_62' title='bbox 927 907 1035 977; x_wconf 77' lang='grc' dir='ltr'><strong><em>γάρ</em></strong></span> <span class='ocrx_word' id='word_1_63' title='bbox 1063 928 1136 970; x_wconf 92' lang='grc' dir='ltr'><strong><em>ως</em></strong></span> <span class='ocrx_word' id='word_1_64' title='bbox 1175 907 1382 960; x_wconf 86' lang='grc' dir='ltr'><strong><em>ἐπίπαν</em></strong></span> <span class='ocrx_word' id='word_1_65' title='bbox 1407 911 1483 977; x_wconf 79' lang='grc' dir='ltr'><strong><em>τῷ</em></strong></span> <span class='ocrx_word' id='word_1_66' title='bbox 1511 909 1812 975; x_wconf 78' lang='grc' dir='ltr'><strong><em>κρατοῦντι</em></strong></span> <span class='ocrx_word' id='word_1_67' title='bbox 1853 904 1916 960; x_wconf 83' lang='grc' dir='ltr'><strong><em>τὸ</em></strong></span> 
     </span>
     <span class='ocr_line' id='line_1_11' title="bbox 225 964 1916 1063; baseline -0.005 -12"><span class='ocrx_word' id='word_1_68' title='bbox 225 994 655 1063; x_wconf 69' lang='grc' dir='ltr'><strong><em>κρατούμενον),</em></strong></span> <span class='ocrx_word' id='word_1_69' title='bbox 696 964 1076 1061; x_wconf 72' lang='grc' dir='ltr'><strong><em>ἀδικούμενον</em></strong></span> <span class='ocrx_word' id='word_1_70' title='bbox 1116 993 1176 1044; x_wconf 89' lang='grc' dir='ltr'><strong><em>δε</em></strong></span> <span class='ocrx_word' id='word_1_71' title='bbox 1213 993 1306 1045; x_wconf 84' lang='grc' dir='ltr'><strong><em>καὶ</em></strong></span> <span class='ocrx_word' id='word_1_72' title='bbox 1343 990 1467 1054; x_wconf 84' lang='grc' dir='ltr'><strong><em>εἰς</em></strong></span> <span class='ocrx_word' id='word_1_73' title='bbox 1446 990 1649 1059; x_wconf 89' lang='grc' dir='ltr'><strong><em>όρκους</em></strong></span> <span class='ocrx_word' id='word_1_74' title='bbox 1674 970 1916 1044; x_wconf 56' lang='grc' dir='ltr'><strong><em>άθεῆῗυῖ</em></strong></span> 
     </span>
     <span class='ocr_line' id='line_1_12' title="bbox 224 1077 1916 1149; baseline -0.002 -18"><span class='ocrx_word' id='word_1_75' title='bbox 224 1099 423 1149; x_wconf 89' lang='grc' dir='ltr'><strong><em>μενον,</em></strong></span> <span class='ocrx_word' id='word_1_76' title='bbox 475 1081 687 1147; x_wconf 74' lang='grc' dir='ltr'><strong><em>ἐρωντα</em></strong></span> <span class='ocrx_word' id='word_1_77' title='bbox 740 1078 798 1130; x_wconf 89' lang='grc' dir='ltr'><strong><em>δε</em></strong></span> <span class='ocrx_word' id='word_1_78' title='bbox 858 1078 952 1131; x_wconf 85' lang='grc' dir='ltr'><strong><em>καὶ</em></strong></span> <span class='ocrx_word' id='word_1_79' title='bbox 990 1077 1199 1139; x_wconf 87' lang='grc' dir='ltr'><strong><em>άλλους</em></strong></span> <span class='ocrx_word' id='word_1_80' title='bbox 1236 1077 1439 1130; x_wconf 80' lang='grc' dir='ltr'><strong><em>ἑαυτοῦ</em></strong></span> <span class='ocrx_word' id='word_1_81' title='bbox 1477 1077 1916 1144; x_wconf 80' lang='grc' dir='ltr'><strong><em>προτετιμῆσθαι</em></strong></span> 
     </span>
     <span class='ocr_line' id='line_1_13' title="bbox 225 1157 1915 1231; baseline -0.002 -15"><span class='ocrx_word' id='word_1_82' title='bbox 225 1166 575 1231; x_wconf 86' lang='grc' dir='ltr'><strong><em>πυθόμενον,</em></strong></span> <span class='ocrx_word' id='word_1_83' title='bbox 605 1161 904 1215; x_wconf 86' lang='grc' dir='ltr'><strong><em>συνειδότα</em></strong></span> <span class='ocrx_word' id='word_1_84' title='bbox 928 1163 988 1215; x_wconf 78' lang='grc' dir='ltr'><strong><em>δὲ</em></strong></span> <span class='ocrx_word' id='word_1_85' title='bbox 1007 1182 1072 1215; x_wconf 94' lang='grc' dir='ltr'><strong><em>τα</em></strong></span> <span class='ocrx_word' id='word_1_86' title='bbox 1099 1160 1327 1215; x_wconf 91' lang='grc' dir='ltr'><strong><em>πάντων</em></strong></span> <span class='ocrx_word' id='word_1_87' title='bbox 1350 1166 1603 1229; x_wconf 74' lang='grc' dir='ltr'><strong><em>αἴσχιστα</em></strong></span> <span class='ocrx_word' id='word_1_88' title='bbox 1623 1157 1717 1214; x_wconf 87' lang='grc' dir='ltr'><strong><em>καὶ</em></strong></span> <span class='ocrx_word' id='word_1_89' title='bbox 1735 1178 1915 1229; x_wconf 87' lang='grc' dir='ltr'><strong><em>παρα-</em></strong></span> 
     </span>
    </p>
   </div>
   <div class='ocr_carea' id='block_1_4' title="bbox 226 1226 1916 1316">
    <p class='ocr_par' dir='ltr' id='par_1_4' title="bbox 226 1226 1916 1316">
     <span class='ocr_line' id='line_1_14' title="bbox 226 1226 1916 1316; baseline -0.003 -15"><span class='ocrx_word' id='word_1_90' title='bbox 226 1250 549 1316; x_wconf 76' lang='grc' dir='ltr'><strong><em>νομωτατα,</em></strong></span> <span class='ocrx_word' id='word_1_91' title='bbox 601 1250 694 1300; x_wconf 81' lang='grc' dir='ltr'><strong><em>καὶ</em></strong></span> <span class='ocrx_word' id='word_1_92' title='bbox 741 1245 913 1300; x_wconf 79' lang='grc' dir='ltr'><strong><em>οὐδὲν</em></strong></span> <span class='ocrx_word' id='word_1_93' title='bbox 964 1249 1039 1308; x_wconf 88' lang='grc' dir='ltr'><strong><em>είς</em></strong></span> <span class='ocrx_word' id='word_1_94' title='bbox 1082 1245 1184 1315; x_wconf 87' lang='grc' dir='ltr'><strong><em>τὴν</em></strong></span> <span class='ocrx_word' id='word_1_95' title='bbox 1235 1243 1545 1314; x_wconf 86' lang='grc' dir='ltr'><strong><em>ἐπιβουλὴν</em></strong></span> <span class='ocrx_word' id='word_1_96' title='bbox 1593 1226 1916 1298; x_wconf 73' lang='grc' dir='ltr'><strong><em>πλάσασθαῖ</em></strong></span> 
     </span>
    </p>
   </div>
   <div class='ocr_carea' id='block_1_5' title="bbox 0 1307 1916 1426">
    <p class='ocr_par' dir='ltr' id='par_1_5' title="bbox 0 1307 1916 1426">
     <span class='ocr_line' id='line_1_15' title="bbox 0 1307 1916 1426; baseline -0.005 -37"><span class='ocrx_word' id='word_1_97' title='bbox 0 1307 144 1412; x_wconf 27' lang='lat' dir='ltr'><strong><em>sff&#39;ml</em></strong></span> <span class='ocrx_word' id='word_1_98' title='bbox 225 1334 554 1402; x_wconf 88' lang='grc' dir='ltr'><strong><em>δεόμενον,</em></strong></span> <span class='ocrx_word' id='word_1_99' title='bbox 551 1326 647 1407; x_wconf 60' lang='grc' dir='ltr'><strong><em>οἶα</em></strong></span> <span class='ocrx_word' id='word_1_100' title='bbox 686 1330 754 1401; x_wconf 79' lang='grc' dir='ltr'><strong><em>δὴ</em></strong></span> <span class='ocrx_word' id='word_1_101' title='bbox 794 1332 993 1384; x_wconf 87' lang='grc' dir='ltr'><strong><em>πολλοι</em></strong></span> <span class='ocrx_word' id='word_1_102' title='bbox 1019 1329 1289 1393; x_wconf 87' lang='grc' dir='ltr'><strong><em>πολλάκις</em></strong></span> <span class='ocrx_word' id='word_1_103' title='bbox 1315 1329 1642 1391; x_wconf 84' lang='grc' dir='ltr'><strong><em>άνιαθέντες</em></strong></span> <span class='ocrx_word' id='word_1_104' title='bbox 1680 1327 1916 1426; x_wconf 75' lang='grc' dir='ltr'><strong><em>ἐτόλμη-</em></strong></span> 
     </span>
    </p>
   </div>
   <div class='ocr_carea' id='block_1_6' title="bbox 143 1589 207 1642">
    <p class='ocr_par' dir='ltr' id='par_1_6' title="bbox 143 1589 207 1642">
     <span class='ocr_line' id='line_1_16' title="bbox 143 1589 207 1642; baseline 0.016 -1"><span class='ocrx_word' id='word_1_105' title='bbox 143 1589 207 1642; x_wconf 82' lang='grc'><strong><em>27</em></strong></span> 
     </span>
    </p>
   </div>
   <div class='ocr_carea' id='block_1_7' title="bbox 219 1410 1916 3026">
    <p class='ocr_par' dir='ltr' id='par_1_7' title="bbox 229 1410 1916 1570">
     <span class='ocr_line' id='line_1_17' title="bbox 229 1410 1916 1495; baseline -0.002 -25"><span class='ocrx_word' id='word_1_106' title='bbox 229 1415 538 1495; x_wconf 43' lang='grc' dir='ltr'><strong><em>σανῆάλλα</em></strong></span> <span class='ocrx_word' id='word_1_107' title='bbox 579 1418 671 1469; x_wconf 86' lang='grc' dir='ltr'><strong><em>καὶ</em></strong></span> <span class='ocrx_word' id='word_1_108' title='bbox 712 1416 774 1470; x_wconf 82' lang='grc' dir='ltr'><strong><em>ἐκ</em></strong></span> <span class='ocrx_word' id='word_1_109' title='bbox 813 1420 926 1469; x_wconf 77' lang='grc' dir='ltr'><strong><em>τῶν</em></strong></span> <span class='ocrx_word' id='word_1_110' title='bbox 966 1414 1199 1483; x_wconf 74' lang='grc' dir='ltr'><strong><em>ἀληθῶν</em></strong></span> <span class='ocrx_word' id='word_1_111' title='bbox 1240 1418 1434 1484; x_wconf 83' lang='grc' dir='ltr'><strong><em>ἔχοντα</em></strong></span> <span class='ocrx_word' id='word_1_112' title='bbox 1478 1414 1777 1483; x_wconf 86' lang='grc' dir='ltr'><strong><em>πρόχειρον</em></strong></span> <span class='ocrx_word' id='word_1_113' title='bbox 1812 1410 1916 1483; x_wconf 79' lang='grc' dir='ltr'><strong><em>τὴν</em></strong></span> 
     </span>
     <span class='ocr_line' id='line_1_18' title="bbox 229 1500 471 1570; baseline -0.009 -14"><span class='ocrx_word' id='word_1_114' title='bbox 229 1500 471 1570; x_wconf 76' lang='grc' dir='ltr'><strong><em>ἄμυναν.</em></strong></span> 
     </span>
    </p>

    <p class='ocr_par' dir='ltr' id='par_1_8' title="bbox 219 1581 1916 3026">
     <span class='ocr_line' id='line_1_19' title="bbox 336 1581 1916 1653; baseline -0.002 -15"><span class='ocrx_word' id='word_1_115' title='bbox 336 1590 565 1639; x_wconf 82' lang='grc' dir='ltr'><strong><em>τοιαῦτα</em></strong></span> <span class='ocrx_word' id='word_1_116' title='bbox 604 1585 783 1638; x_wconf 75' lang='grc' dir='ltr'><strong><em>πολλοὶ</em></strong></span> <span class='ocrx_word' id='word_1_117' title='bbox 824 1584 1071 1638; x_wconf 73' lang='grc' dir='ltr'><strong><em>διελθών</em></strong></span> <span class='ocrx_word' id='word_1_118' title='bbox 1108 1583 1248 1653; x_wconf 82' lang='grc' dir='ltr'><strong><em>πρὸς</em></strong></span> <span class='ocrx_word' id='word_1_119' title='bbox 1285 1582 1388 1653; x_wconf 86' lang='grc' dir='ltr'><strong><em>τὴν</em></strong></span> <span class='ocrx_word' id='word_1_120' title='bbox 1414 1586 1773 1652; x_wconf 73' lang='grc' dir='ltr'><strong><em>Χαρίκλειαν,</em></strong></span> <span class='ocrx_word' id='word_1_121' title='bbox 1821 1581 1916 1636; x_wconf 82' lang='grc' dir='ltr'><strong><em>καὶ</em></strong></span> 
     </span>
     <span class='ocr_line' id='line_1_20' title="bbox 225 1664 1916 1739; baseline -0.002 -16"><span class='ocrx_word' id='word_1_122' title='bbox 225 1668 292 1723; x_wconf 76' lang='grc' dir='ltr'><strong><em>τά</em></strong></span> <span class='ocrx_word' id='word_1_123' title='bbox 318 1672 513 1739; x_wconf 90' lang='grc' dir='ltr'><strong><em>μέτρια</em></strong></span> <span class='ocrx_word' id='word_1_124' title='bbox 537 1675 777 1735; x_wconf 79' lang='grc' dir='ltr'><strong><em>θαρσεῖν</em></strong></span> <span class='ocrx_word' id='word_1_125' title='bbox 804 1669 1256 1738; x_wconf 88' lang='grc' dir='ltr'><strong><em>παρασκευάσας,</em></strong></span> <span class='ocrx_word' id='word_1_126' title='bbox 1298 1670 1376 1730; x_wconf 83' lang='grc' dir='ltr'><strong><em>εἰς</em></strong></span> <span class='ocrx_word' id='word_1_127' title='bbox 1411 1666 1514 1736; x_wconf 81' lang='grc' dir='ltr'><strong><em>τήν</em></strong></span> <span class='ocrx_word' id='word_1_128' title='bbox 1554 1668 1674 1737; x_wconf 84' lang='grc' dir='ltr'><strong><em>ἑξῆς</em></strong></span> <span class='ocrx_word' id='word_1_129' title='bbox 1705 1664 1916 1736; x_wconf 76' lang='grc' dir='ltr'><strong><em>ὑπηρε-</em></strong></span> 
     </span>
     <span class='ocr_line' id='line_1_21' title="bbox 226 1750 1916 1822; baseline -0.001 -16"><span class='ocrx_word' id='word_1_130' title='bbox 226 1754 530 1822; x_wconf 89' lang='grc' dir='ltr'><strong><em>τησόμενος</em></strong></span> <span class='ocrx_word' id='word_1_131' title='bbox 567 1763 687 1815; x_wconf 88' lang='grc' dir='ltr'><strong><em>ταῖς</em></strong></span> <span class='ocrx_word' id='word_1_132' title='bbox 724 1754 1012 1822; x_wconf 79' lang='grc' dir='ltr'><strong><em>τραπέζαις</em></strong></span> <span class='ocrx_word' id='word_1_133' title='bbox 1048 1752 1160 1807; x_wconf 88' lang='grc' dir='ltr'><strong><em>ὑπὸ</em></strong></span> <span class='ocrx_word' id='word_1_134' title='bbox 1199 1757 1301 1807; x_wconf 83' lang='grc' dir='ltr'><strong><em>τοῦ</em></strong></span> <span class='ocrx_word' id='word_1_135' title='bbox 1334 1753 1689 1822; x_wconf 81' lang='grc' dir='ltr'><strong><em>Ἀχαιμένους</em></strong></span> <span class='ocrx_word' id='word_1_136' title='bbox 1728 1750 1916 1821; x_wconf 81' lang='grc' dir='ltr'><strong><em>ἤγετο,</em></strong></span> 
     </span>
     <span class='ocr_line' id='line_1_22' title="bbox 227 1835 1916 1907; baseline -0.001 -16"><span class='ocrx_word' id='word_1_137' title='bbox 227 1838 714 1907; x_wconf 80' lang='grc' dir='ltr'><strong><em>προστεταγμένον</em></strong></span> <span class='ocrx_word' id='word_1_138' title='bbox 742 1842 906 1890; x_wconf 82' lang='grc' dir='ltr'><strong><em>τοῦτο</em></strong></span> <span class='ocrx_word' id='word_1_139' title='bbox 932 1837 1083 1906; x_wconf 76' lang='grc' dir='ltr'><strong><em>παρὰ</em></strong></span> <span class='ocrx_word' id='word_1_140' title='bbox 1111 1842 1208 1906; x_wconf 85' lang='grc' dir='ltr'><strong><em>τῆς</em></strong></span> <span class='ocrx_word' id='word_1_141' title='bbox 1230 1838 1515 1907; x_wconf 84' lang='grc' dir='ltr'><strong><em>Ἀρσάκης.</em></strong></span> <span class='ocrx_word' id='word_1_142' title='bbox 1581 1838 1674 1890; x_wconf 80' lang='grc' dir='ltr'><strong><em>καὶ</em></strong></span> <span class='ocrx_word' id='word_1_143' title='bbox 1701 1835 1916 1904; x_wconf 80' lang='grc' dir='ltr'><strong><em>ἐσθῆτα</em></strong></span> 
     </span>
     <span class='ocr_line' id='line_1_23' title="bbox 225 1920 1916 1991; baseline -0.001 -16"><span class='ocrx_word' id='word_1_144' title='bbox 225 1927 339 1975; x_wconf 74' lang='grc' dir='ltr'><strong><em>τῶν</em></strong></span> <span class='ocrx_word' id='word_1_145' title='bbox 361 1925 688 1975; x_wconf 75' lang='grc' dir='ltr'><strong><em>πολυτελῶν</em></strong></span> <span class='ocrx_word' id='word_1_146' title='bbox 703 1923 993 1991; x_wconf 86' lang='grc' dir='ltr'><strong><em>Περσικὴν</em></strong></span> <span class='ocrx_word' id='word_1_147' title='bbox 1021 1920 1440 1990; x_wconf 87' lang='grc' dir='ltr'><strong><em>άποστειλάσης,</em></strong></span> <span class='ocrx_word' id='word_1_148' title='bbox 1469 1921 1678 1989; x_wconf 89' lang='grc' dir='ltr'><strong><em>ταύτην</em></strong></span> <span class='ocrx_word' id='word_1_149' title='bbox 1697 1939 1757 1973; x_wconf 88' lang='grc' dir='ltr'><strong><em>τε</em></strong></span> <span class='ocrx_word' id='word_1_150' title='bbox 1785 1939 1916 1988; x_wconf 77' lang='grc' dir='ltr'><strong><em>μετ-</em></strong></span> 
     </span>
     <span class='ocr_line' id='line_1_24' title="bbox 226 2005 1916 2076; baseline -0.002 -17"><span class='ocrx_word' id='word_1_151' title='bbox 226 2008 595 2076; x_wconf 89' lang='grc' dir='ltr'><strong><em>ημφιέννυτο,</em></strong></span> <span class='ocrx_word' id='word_1_152' title='bbox 635 2005 730 2059; x_wconf 89' lang='grc' dir='ltr'><strong><em>καὶ</em></strong></span> <span class='ocrx_word' id='word_1_153' title='bbox 767 2016 1055 2073; x_wconf 80' lang='grc' dir='ltr'><strong><em>στρεπτοῖς</em></strong></span> <span class='ocrx_word' id='word_1_154' title='bbox 1091 2026 1151 2059; x_wconf 86' lang='grc' dir='ltr'><strong><em>τε</em></strong></span> <span class='ocrx_word' id='word_1_155' title='bbox 1178 2014 1405 2075; x_wconf 84' lang='grc' dir='ltr'><strong><em>χρυσοῖς</em></strong></span> <span class='ocrx_word' id='word_1_156' title='bbox 1441 2006 1534 2057; x_wconf 85' lang='grc' dir='ltr'><strong><em>καὶ</em></strong></span> <span class='ocrx_word' id='word_1_157' title='bbox 1560 2006 1916 2073; x_wconf 82' lang='grc' dir='ltr'><strong><em>περιαυχενί-</em></strong></span> 
     </span>
     <span class='ocr_line' id='line_1_25' title="bbox 228 2083 1916 2173; baseline -0.002 -29"><span class='ocrx_word' id='word_1_158' title='bbox 228 2111 310 2154; x_wconf 92' lang='grc' dir='ltr'><strong><em>οις</em></strong></span> <span class='ocrx_word' id='word_1_159' title='bbox 335 2083 930 2173; x_wconf 57' lang='grc' dir='ltr'><strong><em>λιθοκολλήτοιςζξκων</em></strong></span> <span class='ocrx_word' id='word_1_160' title='bbox 955 2111 1014 2143; x_wconf 86' lang='grc' dir='ltr'><strong><em>τε</em></strong></span> <span class='ocrx_word' id='word_1_161' title='bbox 1039 2089 1100 2144; x_wconf 86' lang='grc' dir='ltr'><strong><em>τὸ</em></strong></span> <span class='ocrx_word' id='word_1_162' title='bbox 1128 2096 1293 2159; x_wconf 90' lang='grc' dir='ltr'><strong><em>μέρος</em></strong></span> <span class='ocrx_word' id='word_1_163' title='bbox 1320 2089 1411 2142; x_wconf 83' lang='grc' dir='ltr'><strong><em>καὶ</em></strong></span> <span class='ocrx_word' id='word_1_164' title='bbox 1432 2087 1916 2158; x_wconf 78' lang='grc' dir='ltr'><strong><em>άκων)έκοσμεῖτο.-</em></strong></span> 
     </span>
     <span class='ocr_line' id='line_1_26' title="bbox 227 2169 1916 2244; baseline -0.003 -15"><span class='ocrx_word' id='word_1_165' title='bbox 227 2174 322 2229; x_wconf 86' lang='grc' dir='ltr'><strong><em>καὶ</em></strong></span> <span class='ocrx_word' id='word_1_166' title='bbox 337 2178 438 2228; x_wconf 83' lang='grc' dir='ltr'><strong><em>τοῦ</em></strong></span> <span class='ocrx_word' id='word_1_167' title='bbox 455 2174 809 2244; x_wconf 76' lang='grc' dir='ltr'><strong><em>Ἀχαιμένους</em></strong></span> <span class='ocrx_word' id='word_1_168' title='bbox 811 2169 1233 2229; x_wconf 83' lang='grc' dir='ltr'><strong><em>ὑποδεικνύναι</em></strong></span> <span class='ocrx_word' id='word_1_169' title='bbox 1252 2195 1305 2227; x_wconf 87' lang='grc' dir='ltr'><strong><em>τι</em></strong></span> <span class='ocrx_word' id='word_1_170' title='bbox 1326 2172 1419 2227; x_wconf 86' lang='grc' dir='ltr'><strong><em>καὶ</em></strong></span> <span class='ocrx_word' id='word_1_171' title='bbox 1439 2171 1799 2242; x_wconf 83' lang='grc' dir='ltr'><strong><em>ὑφηγεῖσθαι</em></strong></span> <span class='ocrx_word' id='word_1_172' title='bbox 1805 2170 1916 2225; x_wconf 71' lang='grc' dir='ltr'><strong><em>τῶν</em></strong></span> 
     </span>
     <span class='ocr_line' id='line_1_27' title="bbox 228 2247 1916 2329; baseline -0.002 -16"><span class='ocrx_word' id='word_1_173' title='bbox 228 2262 561 2328; x_wconf 81' lang='grc' dir='ltr'><strong><em>οἰνοχοϊκων</em></strong></span> <span class='ocrx_word' id='word_1_174' title='bbox 599 2262 981 2328; x_wconf 88' lang='grc' dir='ltr'><strong><em>πειρωμένου,</em></strong></span> <span class='ocrx_word' id='word_1_175' title='bbox 1031 2257 1413 2329; x_wconf 70' lang='grc' dir='ltr'><strong><em>προσδραμών</em></strong></span> <span class='ocrx_word' id='word_1_176' title='bbox 1452 2255 1481 2310; x_wconf 96' lang='lat'><strong><em>6</em></strong></span> <span class='ocrx_word' id='word_1_177' title='bbox 1520 2257 1797 2326; x_wconf 80' lang='grc' dir='ltr'><strong><em>Θεαγένης</em></strong></span> <span class='ocrx_word' id='word_1_178' title='bbox 1823 2247 1916 2309; x_wconf 64' lang='grc' dir='ltr'><strong><em>ἑνὶ</em></strong></span> 
     </span>
     <span class='ocr_line' id='line_1_28' title="bbox 227 2341 1916 2413; baseline -0.003 -16"><span class='ocrx_word' id='word_1_179' title='bbox 227 2347 341 2397; x_wconf 75' lang='grc' dir='ltr'><strong><em>τῶν</em></strong></span> <span class='ocrx_word' id='word_1_180' title='bbox 376 2344 779 2412; x_wconf 62' lang='grc' dir='ltr'><strong><em>-κυλικοῐφόρων</em></strong></span> <span class='ocrx_word' id='word_1_181' title='bbox 815 2343 1117 2413; x_wconf 87' lang='grc' dir='ltr'><strong><em>τριπόδων,</em></strong></span> <span class='ocrx_word' id='word_1_182' title='bbox 1157 2344 1250 2396; x_wconf 81' lang='grc' dir='ltr'><strong><em>καὶ</em></strong></span> <span class='ocrx_word' id='word_1_183' title='bbox 1289 2343 1496 2411; x_wconf 79' lang='grc' dir='ltr'><strong><em>φιάλην</em></strong></span> <span class='ocrx_word' id='word_1_184' title='bbox 1529 2344 1641 2393; x_wconf 74' lang='grc' dir='ltr'><strong><em>τῶν</em></strong></span> <span class='ocrx_word' id='word_1_185' title='bbox 1671 2341 1916 2393; x_wconf 45' lang='grc' dir='ltr'><strong><em>’πολυτίῡ</em></strong></span> 
     </span>
     <span class='ocr_line' id='line_1_29' title="bbox 229 2419 1912 2498; baseline -0.002 -18"><span class='ocrx_word' id='word_1_186' title='bbox 229 2448 350 2498; x_wconf 89' lang='grc' dir='ltr'><strong><em>μων</em></strong></span> <span class='ocrx_word' id='word_1_187' title='bbox 371 2421 722 2494; x_wconf 69' lang='grc' dir='ltr'><strong><em>ἀνελόμενος,</em></strong></span> <span class='ocrx_word' id='word_1_188' title='bbox 739 2421 966 2496; x_wconf 61' lang='grc' dir='ltr'><strong><em>&lt;οὐδένξ</em></strong></span> <span class='ocrx_word' id='word_1_189' title='bbox 995 2429 1342 2497; x_wconf 68' lang='grc' dir='ltr'><strong><em>ἔφη,&lt;δέομαι</em></strong></span> <span class='ocrx_word' id='word_1_190' title='bbox 1369 2423 1745 2492; x_wconf 83' lang='grc' dir='ltr'><strong><em>διδασκάλων,</em></strong></span> <span class='ocrx_word' id='word_1_191' title='bbox 1766 2419 1912 2477; x_wconf 50' lang='grc' dir='ltr'><strong><em>»ἀλλῗ</em></strong></span> 
     </span>
     <span class='ocr_line' id='line_1_30' title="bbox 229 2503 1916 2612; baseline -0.002 -46"><span class='ocrx_word' id='word_1_192' title='bbox 229 2511 627 2574; x_wconf 87' lang='grc' dir='ltr'><strong><em>αὐτοδίδακτος</em></strong></span> <span class='ocrx_word' id='word_1_193' title='bbox 653 2509 992 2582; x_wconf 80' lang='grc' dir='ltr'><strong><em>ὑπουργήσω</em></strong></span> <span class='ocrx_word' id='word_1_194' title='bbox 1033 2516 1103 2612; x_wconf 45' lang='lat' dir='ltr'><strong><em>vg?</em></strong></span> <span class='ocrx_word' id='word_1_195' title='bbox 1130 2513 1418 2579; x_wconf 84' lang='grc' dir='ltr'><strong><em>δεσποίνῃ,</em></strong></span> <span class='ocrx_word' id='word_1_196' title='bbox 1455 2509 1521 2562; x_wconf 80' lang='grc' dir='ltr'><strong><em>τὰ</em></strong></span> <span class='ocrx_word' id='word_1_197' title='bbox 1558 2507 1702 2562; x_wconf 79' lang='grc' dir='ltr'><strong><em>οὕτω</em></strong></span> <span class='ocrx_word' id='word_1_198' title='bbox 1738 2503 1916 2579; x_wconf 63' lang='grc' dir='ltr'><strong><em>ῥᾷστά</em></strong></span> 
     </span>
     <span class='ocr_line' id='line_1_31' title="bbox 228 2579 1916 2666; baseline -0.002 -17"><span class='ocrx_word' id='word_1_199' title='bbox 228 2597 301 2666; x_wconf 87' lang='grc' dir='ltr'><strong><em>μὴ</em></strong></span> <span class='ocrx_word' id='word_1_200' title='bbox 329 2598 739 2665; x_wconf 88' lang='grc' dir='ltr'><strong><em>θρυπτόμενος.</em></strong></span> <span class='ocrx_word' id='word_1_201' title='bbox 752 2579 773 2615; x_wconf 58' lang='lat' dir='ltr'><em>f</em></span> <span class='ocrx_word' id='word_1_202' title='bbox 792 2598 853 2649; x_wconf 91' lang='grc' dir='ltr'><strong><em>σε</em></strong></span> <span class='ocrx_word' id='word_1_203' title='bbox 880 2598 983 2666; x_wconf 79' lang='grc' dir='ltr'><strong><em>μὲν</em></strong></span> <span class='ocrx_word' id='word_1_204' title='bbox 1007 2616 1118 2665; x_wconf 90' lang='grc' dir='ltr'><strong><em>γαρ</em></strong></span> <span class='ocrx_word' id='word_1_205' title='bbox 1145 2616 1186 2648; x_wconf 91' lang='grc' dir='ltr'><strong><em>ω</em></strong></span> <span class='ocrx_word' id='word_1_206' title='bbox 1215 2595 1466 2663; x_wconf 88' lang='grc' dir='ltr'><strong><em>βέλτιστε</em></strong></span> <span class='ocrx_word' id='word_1_207' title='bbox 1491 2591 1522 2662; x_wconf 86' lang='grc' dir='ltr'><em>ἡ</em></span> <span class='ocrx_word' id='word_1_208' title='bbox 1549 2595 1687 2662; x_wconf 91' lang='grc' dir='ltr'><strong><em>τύχη</em></strong></span> <span class='ocrx_word' id='word_1_209' title='bbox 1706 2593 1916 2646; x_wconf 74' lang='grc' dir='ltr'><strong><em>εἰδέναι</em></strong></span> 
     </span>
     <span class='ocr_line' id='line_1_32' title="bbox 227 2674 1916 2749; baseline -0.004 -15"><span class='ocrx_word' id='word_1_210' title='bbox 227 2679 295 2734; x_wconf 81' lang='grc' dir='ltr'><strong><em>τὰ</em></strong></span> <span class='ocrx_word' id='word_1_211' title='bbox 320 2684 548 2733; x_wconf 84' lang='grc' dir='ltr'><strong><em>τοιαῦτα</em></strong></span> <span class='ocrx_word' id='word_1_212' title='bbox 575 2681 994 2748; x_wconf 82' lang='grc' dir='ltr'><strong><em>καταναγκάζει,</em></strong></span> <span class='ocrx_word' id='word_1_213' title='bbox 1038 2678 1159 2749; x_wconf 84' lang='grc' dir='ltr'><strong><em>ἐμοὶ</em></strong></span> <span class='ocrx_word' id='word_1_214' title='bbox 1196 2679 1259 2733; x_wconf 90' lang='grc' dir='ltr'><strong><em>δε</em></strong></span> <span class='ocrx_word' id='word_1_215' title='bbox 1295 2677 1387 2732; x_wconf 84' lang='grc' dir='ltr'><strong><em>καὶ</em></strong></span> <span class='ocrx_word' id='word_1_216' title='bbox 1425 2677 1454 2747; x_wconf 84' lang='grc' dir='ltr'>ἡ</span> <span class='ocrx_word' id='word_1_217' title='bbox 1484 2678 1654 2747; x_wconf 85' lang='grc' dir='ltr'><strong><em>φύσις</em></strong></span> <span class='ocrx_word' id='word_1_218' title='bbox 1677 2674 1762 2728; x_wconf 80' lang='grc' dir='ltr'><strong><em>τὰ</em></strong></span> <span class='ocrx_word' id='word_1_219' title='bbox 1759 2692 1916 2743; x_wconf 76' lang='grc' dir='ltr'><strong><em>πρά-.-</em></strong></span> 
     </span>
     <span class='ocr_line' id='line_1_33' title="bbox 231 2752 1916 2862; baseline -0.004 -43"><span class='ocrx_word' id='word_1_220' title='bbox 231 2767 359 2819; x_wconf 85' lang='grc' dir='ltr'><strong><em>κτέα</em></strong></span> <span class='ocrx_word' id='word_1_221' title='bbox 385 2786 478 2819; x_wconf 85' lang='grc' dir='ltr'><strong><em>και</em></strong></span> <span class='ocrx_word' id='word_1_222' title='bbox 515 2760 542 2819; x_wconf 92' lang='lat'><strong><em>6</em></strong></span> <span class='ocrx_word' id='word_1_223' title='bbox 581 2763 774 2833; x_wconf 84' lang='grc' dir='ltr'><strong><em>καιρὸς</em></strong></span> <span class='ocrx_word' id='word_1_224' title='bbox 800 2763 1158 2833; x_wconf 87' lang='grc' dir='ltr'><strong><em>ὑπαγορεύει.</em></strong></span> <span class='ocrx_word' id='word_1_225' title='bbox 1225 2763 1317 2816; x_wconf 84' lang='grc' dir='ltr'><strong><em>καὶ</em></strong></span> <span class='ocrx_word' id='word_1_226' title='bbox 1354 2762 1463 2830; x_wconf 92' lang='grc' dir='ltr'><strong><em>άμα</em></strong></span> <span class='ocrx_word' id='word_1_227' title='bbox 1498 2761 1813 2862; x_wconf 85' lang='grc' dir='ltr'><strong><em>προσέφερε</em></strong></span> <span class='ocrx_word' id='word_1_228' title='bbox 1845 2752 1916 2833; x_wconf 59' lang='grc' dir='ltr'><strong><em>τῆ</em></strong></span> 
     </span>
     <span class='ocr_line' id='line_1_34' title="bbox 224 2840 1916 2920; baseline -0.004 -17.957"><span class='ocrx_word' id='word_1_229' title='bbox 224 2849 461 2920; x_wconf 84' lang='grc' dir='ltr'><strong><em>Ἀρσάκῃ</em></strong></span> <span class='ocrx_word' id='word_1_230' title='bbox 511 2849 787 2918; x_wconf 86' lang='grc' dir='ltr'><strong><em>προσηνες</em></strong></span> <span class='ocrx_word' id='word_1_231' title='bbox 832 2853 1241 2919; x_wconf 84' lang='grc' dir='ltr'><strong><em>κερασάμενος,</em></strong></span> <span class='ocrx_word' id='word_1_232' title='bbox 1293 2843 1582 2915; x_wconf 81' lang='grc' dir='ltr'><strong><em>εὔρυθμόν</em></strong></span> <span class='ocrx_word' id='word_1_233' title='bbox 1627 2845 1691 2898; x_wconf 90' lang='grc' dir='ltr'><strong><em>τέ</em></strong></span> <span class='ocrx_word' id='word_1_234' title='bbox 1733 2863 1810 2896; x_wconf 84' lang='grc' dir='ltr'><strong><em>τι</em></strong></span> <span class='ocrx_word' id='word_1_235' title='bbox 1806 2840 1916 2897; x_wconf 62' lang='grc' dir='ltr'><strong>κοῦ</strong></span> 
     </span>
     <span class='ocr_line' id='line_1_35' title="bbox 219 2920 1916 3026; baseline -0.004 -39"><span class='ocrx_word' id='word_1_236' title='bbox 219 2933 425 3006; x_wconf 63' lang='grc' dir='ltr'><strong><em>ἄκροις</em></strong></span> <span class='ocrx_word' id='word_1_237' title='bbox 450 2944 565 2997; x_wconf 88' lang='grc' dir='ltr'><strong><em>τοῖς</em></strong></span> <span class='ocrx_word' id='word_1_238' title='bbox 591 2934 888 2997; x_wconf 88' lang='grc' dir='ltr'><strong><em>δακτύλοις</em></strong></span> <span class='ocrx_word' id='word_1_239' title='bbox 917 2920 1263 3008; x_wconf 29' lang='grc' dir='ltr'><strong><em>ἐπέοχῶνμτήν</em></strong></span> <span class='ocrx_word' id='word_1_240' title='bbox 1284 2931 1507 3002; x_wconf 87' lang='grc' dir='ltr'><strong><em>φιάλην.</em></strong></span> <span class='ocrx_word' id='word_1_241' title='bbox 1563 2926 1916 3026; x_wconf 55' lang='grc' dir='ltr'><strong><em>ἑκείνηνμὲυ</em></strong></span> 
     </span>
    </p>
   </div>
  </div>
 </body>
</html>
