1916 3132
162 85 233 139 90
887 90 1151 138 ΤΡΙΤΟΝ

163 240 370 296 ρησαν,
411 226 498 280 ὅτι
523 224 595 296 μή
627 224 770 295 ὄναρ
796 217 869 295 ἦν
894 223 927 295 ἡ
956 225 1082 291 ὄψις
1107 224 1229 279 ἀλλ’
1258 224 1413 295 ὕπαρ
1445 227 1854 296 ἐνδειξάμενοι·

162 309 271 380 ἐγῶ
309 311 373 365 δὲ
408 309 477 365 τὰ
513 311 619 380 μὲν
657 308 797 364 ἄλλα
825 313 1031 379 συνίην
1057 307 1132 374 ῶς
1167 310 1453 382 ἑωράκειν,
1494 313 1572 375 εἰς
1602 313 1760 376 τίνας
1793 311 1857 366 δὲ

160 393 506 465 ἀνθρώπους
540 393 578 464 ἦ
617 397 694 457 εἰς
718 398 845 448 τίνα
881 398 990 464 γῆν
1014 396 1487 464 παραπέμπεσθαι
1524 396 1657 459 τοὺς
1692 396 1858 460 νέους

158 489 276 542 τοῖς
310 486 466 543 θεοῖς
502 482 672 548 φίλον
707 477 981 549 ἠπόρουν.

265 563 358 617 καὶ
383 562 411 617 ὁ
439 565 706 634 Κνήμων,
734 569 908 617 ταῦτα
932 565 1053 634 μέν,
1081 567 1207 635 ἔφη,
1236 556 1279 619 ὦ
1306 567 1502 636 πάτερ,
1533 566 1590 629 ἐς
1611 564 1858 636 ὕστερον
1886 591 1907 623 5

158 647 328 712 αὐτός
351 668 415 717 γε
444 647 704 717 ἐγνωκῶς
731 650 877 717 ἐρεῖς
911 651 1052 716 πρὸς
1084 646 1250 719 ἡμᾶς·
1298 648 1442 702 άλλοὶ
1467 654 1594 704 τίνα
1629 651 1698 722 δὴ
1725 647 1857 719 τρό-

158 753 269 788 πον
306 736 549 803 ἔφασκες
586 735 942 803 ἐνδεδεῖχθαί
973 749 1062 788 σοι
1112 733 1244 797 τούς
1279 733 1451 798 θεοὺς
1489 734 1571 789 ὅτι
1608 733 1683 806 μὴ
1723 734 1856 789 ἐνύ-

158 837 328 872 πνιον
338 811 552 902 ’ἦλθον
589 816 715 871 ἄλλ’
746 818 997 887 ἐναργῶς
1035 819 1354 888 έφάνησαν;
1397 817 1464 872 ὃν
1501 821 1734 890 τρόπον,
1775 816 1856 874 εἷ-

159 921 286 970 πεν,
314 902 356 955 ὠ
385 905 603 971 τέκνον,
632 902 781 956 καὶὸ
809 902 986 973 σοφὸς
995 901 1239 973 Ομηρος
1265 905 1695 958 αἰνίττεται·οί
1714 907 1851 957 πολ-

158 987 247 1041 λοὶ
284 988 347 1042 δε
384 986 446 1041 τὸ
486 993 717 1057 αἴνιγμα
754 990 1229 1057 παρατρέχουσιν·
1282 994 1432 1056 ἴχνια
1477 1009 1587 1057 γαρ
1625 988 1856 1057 μετόπι-
1885 1013 1916 1047 u

157 1078 319 1142 σθεν,
359 1069 434 1135 ῶς
460 1073 676 1136 ἐκεῖνός
712 1092 824 1126 που
858 1073 1032 1141 λέγει,
1071 1073 1265 1125 ποδῶν
1300 1072 1707 1146 ήδὲβκνημάων
1744 1073 1854 1142 ῥεῖ’

156 1159 339 1225 ἔγνων
365 1155 646 1219 ἀπιόντος.
689 1155 991 1225 ἀρίγνωτοι
1017 1157 1079 1209 δὲ
1103 1159 1237 1211 θεοί
1257 1149 1542 1227 περ.”’άλλ’
1565 1157 1602 1228 ἢ
1628 1157 1724 1212 καὶ
1748 1159 1855 1212 αὐ-

156 1240 249 1304 τὸς
287 1243 443 1295 ἔοικα
480 1246 595 1295 τῶν
633 1244 863 1294 πολλῶν
891 1237 1062 1308 εἶναι,
1103 1242 1196 1294 καὶ
1233 1242 1398 1295 τοῦτο
1434 1247 1567 1306 ἴσως
1606 1244 1854 1312 ἐλέγχειν

156 1319 202 1380 ῶ
240 1328 522 1394 Καλάσιρι
558 1325 1056 1400 βουλόμενοςξτῶν
1095 1328 1250 1380 ἐπῶν
1289 1326 1731 1396 ἐμνημόνευσας,
1770 1320 1853 1381 ῶν

158 1408 267 1480 ἐγῶ
295 1410 399 1479 τήν
425 1412 531 1480 μὲν
558 1412 828 1480 ἐπιπολῆς
854 1406 1133 1479 διάνοιαν,
1173 1409 1265 1464 ὅτε
1298 1429 1403 1480 περ
1431 1409 1524 1464 καὶ
1550 1409 1652 1481 τὴν
1679 1410 1850 1481 λέξιν,
1884 1434 1916 1468 ιε

157 1493 283 1549 οἶδα
311 1497 695 1565 ἐκδιδαχθείς,
722 1494 827 1563 τήν
854 1496 915 1548 δὲ
943 1483 1693 1566 ἐγκατεσπαρμένηνῖαὐτοῖς
1717 1502 1848 1550 θεο-

156 1583 354 1648 λογίαν
391 1578 661 1649 ἠγνόηκα.

75 1663 139 1716 13
261 1662 466 1732 μικρὸν
505 1683 611 1716 ουν
650 1663 950 1733 ἐπιστήσας
990 1684 1025 1734 ο
1055 1665 1392 1735 Καλάσιρις,
1442 1666 1536 1718 καὶ
1573 1663 1673 1719 τὸν
1708 1668 1852 1719 νοῦν

156 1746 297 1818 πρὸς
331 1746 396 1801 τὸ
421 1747 841 1817 μυστικῶτερον
879 1747 1249 1816 ἀνακινήσας,
1288 1747 1416 1802 θεοὶ
1442 1750 1535 1802 καὶ
1571 1751 1851 1818 δαίμονες,

158 1829 334 1899 εἶπεν,
375 1833 417 1884 ῶ
457 1831 726 1902 Κνήμων,
769 1832 1170 1901 ἐπιφοιτῶντές
1205 1851 1264 1885 τε
1303 1834 1382 1894 εἰς
1416 1831 1562 1901 ἡμᾶς
1587 1834 1682 1886 καὶ
1707 1831 1848 1886 άπο-
1877 1855 1916 1888 20

156 1919 464 1986 φοιτῶντες
491 1919 567 1980 είς
592 1915 731 1970 ἄλλο
757 1917 863 1985 μεν
887 1918 1028 1981 ζῶον
1056 1915 1145 1970 ἐπ’
1175 1915 1487 1985 ἐλάχιστον,
1516 1919 1593 1980 εἰς
1619 1916 1850 1984 άνθρῶ-

156 2021 299 2064 πους
337 2002 397 2054 δὲ
438 1999 531 2054 ἐπὶ
568 2004 835 2055 πλεῖστον
873 1998 1106 2064 ἑαυτούς
1147 2002 1522 2071 εἰδοποιοῦσι,
1560 2006 1637 2072 τῷ
1677 1999 1850 2073 ὁμοίῳ

156 2088 332 2139 πλέον
367 2083 627 2162 ἡμᾶςκείς
663 2084 767 2154 τήν
806 2088 1125 2154 φαντασίαν
1161 2082 1525 2154 ὑπαγόμενοι.
1589 2083 1721 2148 τούς
1744 2086 1850 2154 μὲν

159 2168 229 2239 δὴ
255 2166 667 2239 βεβήλουςῼκόἰν
693 2170 1044 2238 διαλάθοιεν,
1071 2168 1174 2239 τὴν
1200 2171 1262 2225 δὲ
1288 2175 1475 2239 σοφοῦ
1499 2174 1716 2239 γνῶσιν
1742 2168 1848 2223 οὐκ

155 2250 228 2308 ἄν
265 2253 620 2322 διαφύγοιεν,
661 2251 803 2307 ἀλλὰ
842 2264 957 2317 τοῖς
993 2273 1053 2306 τε
1089 2253 1406 2324 ὀφθαλμοῖς
1439 2253 1512 2308 ἂν
1533 2260 1850 2323 γνωσθεῖεν
1877 2270 1916 2304 25

155 2336 347 2401 άτενες
394 2336 465 2391 δι’
511 2336 646 2391 όλου
693 2339 997 2407 βλέποντες
1043 2339 1135 2391 καὶ
1182 2336 1244 2391 τὸ
1279 2338 1570 2407 βλέφαρον
1608 2337 1679 2392 οὔ
1715 2357 1851 2393 ποτε

157 2423 509 2490 ἐπιμύοντες,
550 2424 642 2474 καὶ
681 2427 757 2476 τῶ
781 2425 1087 2507 βαδίσματι
1124 2424 1315 2491 πλέον,
1355 2421 1425 2476 οὐ
1450 2441 1589 2475 κατα
1616 2423 1848 2476 διάστα-

156 2521 249 2560 σιν
285 2515 409 2559 τοῖν
446 2508 650 2559 ποδοῖν
688 2505 821 2560 οὐδὲ
846 2473 1153 2575 μετάθεσιν
1174 2505 1488 2606 ανυομένω,
1528 2504 1671 2560 άλλα
1708 2507 1849 2560 κατά

154 2611 281 2645 τινα
316 2589 499 2660 ῥύμην
538 2589 731 2659 ἀέριον
769 2592 862 2644 καὶ
901 2590 1085 2661 ὁρμήν
1112 2589 1574 2658 ἀπαραπόδιστον
1609 2589 1846 2658 τεμνόν-

155 2695 271 2729 των
294 2678 514 2743 μᾶλλον
539 2673 602 2728 τὸ
628 2675 887 2744 περιέχον
911 2675 949 2743 ἢ
975 2674 1482 2744 διαπορευομένων.
1530 2672 1619 2728 διὸ
1646 2672 1715 2744 δὴ
1753 2674 1848 2728 καὶ
1876 2700 1916 2735 u

156 2758 223 2812 τά
248 2757 540 2828 ἀγάλματα
568 2763 677 2811 τῶν
702 2764 859 2812 θεῶν
896 2759 1195 2827 Αἰγύπτιοι
1232 2756 1307 2811 τῶ
1345 2760 1488 2811 πόδε
1518 2757 1847 2826 ζευγνύντες

156 2845 248 2897 καὶ
286 2843 473 2910 ῶσπερ
513 2838 772 2905 ἑνοῦντες
810 2845 1045 2897 ἱστᾶσιν.
1110 2841 1144 2895 οἳ
1181 2841 1249 2911 δὴ
1287 2839 1380 2895 καὶ
1401 2840 1641 2912 Ὅμηρος
1665 2843 1844 2911 εἰδώς,
