1916 3132
647 146 774 191 CAP.
807 143 1276 190 XXXVIII—XXXX
1692 143 1800 197 219

108 269 312 322 uersari
357 267 774 321 commilitonem
827 267 984 336 idque
1039 286 1134 337 per
1187 285 1308 336 spes
1358 284 1639 337 prosperas
1687 266 1801 320 eius

109 343 297 397 orabat
336 342 598 395 adiurans,
661 341 803 394 ‘nam
844 341 944 410 [et]
985 341 1073 395 hic
1113 341 1246 411 ipse'
1284 340 1459 395 aiebat
1491 340 1626 410 e(et)
1658 341 1799 395 iners

110 417 307 471 asellus
331 421 384 470 et
408 416 576 469 nihilo
609 416 785 469 minus
812 417 845 483 <
852 417 1037 485 ferox>
1063 417 1357 485 morboque
1383 415 1688 469 detestabili
1721 434 1800 469 ca-

109 492 276 545 ducus
307 491 401 544 uix
432 491 593 544 etiam
625 508 823 575 paugos
855 490 1099 543 holerum
1132 489 1434 560 manipulos
1467 490 1530 543 de
1554 490 1800 559 proximo

0 631 4 633 ἢ
65 587 87 621 5
110 565 326 619 hortulo
380 564 517 618 solet
571 564 810 618 anhelitu
864 564 1118 635 languido
1177 565 1435 635 fatigatus
1490 563 1801 648 subuehege,

110 641 304 694 nedUm
343 642 404 692 ut
443 639 601 692 rebus
634 639 984 708 amplioribus
1018 640 1239 692 idoneus
1271 640 1517 692 uideatur
1549 638 1801 709 gerulus?

107 713 326 768 XXXX.
367 714 459 767 sed
483 713 576 766 ubi
607 713 770 766 nullis
803 714 1050 783 precibus
1083 714 1321 784 mitigari
1353 714 1582 767 militem
1606 714 1800 785 magis-

108 806 211 858 que
243 788 298 840 in
331 807 482 841 suam
512 788 801 857 perniciem
841 788 1074 841 aduertit
1106 788 1313 841 efferari
1346 789 1556 858 iamque
1590 788 1803 841 inuersa

106 863 218 916 uite
258 863 321 916 de
360 862 594 915 uastiore
627 862 824 915 nodulo
858 863 1133 916 cerebrum
1166 882 1323 915 suum
1357 863 1633 916 diffindere
1665 864 1800 931 <par-

39 959 84 992 ιο
106 937 274 1007 rare),
314 937 480 990 currit
520 937 584 989 ad
625 941 862 990 extrema
900 937 1139 990 subsidia
1178 937 1542 1006 simulansque
1583 957 1610 990 e
1646 955 1702 989 re
1734 938 1802 991 ad

107 1012 546 1066 commonendam
593 1012 990 1064 miserationem
1039 1029 1212 1082 genua
1259 1012 1372 1064 eius
1420 1012 1557 1065 uelle
1598 1012 1800 1065 contin·

107 1103 254 1157 gere,
301 1087 619 1139 summissus
666 1090 825 1156 atque
865 1087 1175 1139 incuruatus
1217 1087 1449 1155 adreptis
1491 1087 1603 1139 eius
1644 1087 1801 1140 utris-

109 1179 211 1230 que
250 1160 475 1229 pedibus
516 1160 799 1214 sublimem
839 1161 1039 1214 elatum
1080 1165 1250 1214 terrae
1291 1161 1528 1231 grauiter
1560 1147 1860 1230 adploditk

106 1238 161 1287 et
199 1235 383 1288 statim
423 1254 528 1304 qua
565 1235 761 1305 pugnis
802 1254 907 1304 qua
946 1236 1140 1288 cubitis
1179 1253 1283 1304 qua
1313 1236 1597 1304 morsibUS‚
1637 1236 1800 1288 etiam

41 1330 83 1364 15
109 1310 172 1362 de
210 1309 300 1362 uia
337 1309 511 1378 lapide
552 1313 796 1379 correpto
837 1313 1006 1362 totam
1046 1310 1235 1363 faciem
1276 1328 1570 1379 manusque
1603 1311 1716 1363 eius
1749 1313 1802 1363 et

107 1383 275 1436 latera
313 1384 674 1437 conuerberat.
752 1403 849 1436 nec
895 1384 985 1437 ille
1026 1388 1086 1437 ut
1124 1385 1358 1453 primum
1396 1384 1549 1437 humi
1589 1384 1800 1453 supina-

106 1460 195 1511 tus
242 1461 346 1527 est,
400 1458 487 1511 uel
533 1476 828 1529 repugnare
876 1459 963 1511 uel
1010 1459 1226 1511 omnino
1274 1459 1483 1511 munire
1528 1477 1583 1511 se
1623 1459 1802 1528 potuit

107 1532 200 1585 sed
237 1532 393 1601 plane
432 1533 721 1586 identidem
763 1534 1201 1602 comminabatur,
1241 1533 1287 1585 si
1326 1533 1646 1586 surrexisset
1685 1551 1800 1586 sese

109 1607 444 1659 concisurum
476 1626 597 1660 eum
628 1607 908 1660 machaera
939 1619 1036 1660 sua
1065 1607 1353 1660 frustatim.
1418 1626 1523 1676 quo
1556 1626 1822 1680 sermone⁴
1849 1664 1852 1665 γ
1893 1660 1895 1662 ,

37 1702 86 1735 80
109 1681 222 1733 eius
255 1682 704 1735 commonefactus
737 1682 1054 1734 hortulanus
1087 1682 1246 1750 eripit
1278 1682 1326 1734 ei
1359 1675 1605 1750 spatharii
1634 1700 1799 1751 eaque
1832 1688 1908 1702 ”

108 1755 420 1825 longissime
460 1757 665 1809 abiecta
703 1776 916 1809 rursum
956 1756 1288 1809 saeuioribus
1318 1775 1440 1808 eum
1482 1756 1553 1825 [p.
1576 1756 1799 1825 180.E.]

109 1828 283 1899 plagis
329 1830 650 1900 adgreditur.
728 1850 823 1884 nec
871 1831 959 1883 ille
1013 1833 1314 1899 prostratus
1370 1834 1424 1883 et
1477 1821 1844 1899 praeuentus!

108 1902 422 1956 uulneribus
476 1904 646 1958 ullum
701 1906 966 1975 repperire
1022 1905 1181 1957 saluti
1238 1905 1425 1974 quiens
1486 1904 1800 1973 subsidium,

111 1977 254 2047 quod
307 1978 482 2031 solum
534 1980 792 2049 restabat,
855 1979 1072 2032 simulat
1127 1998 1240 2032 sese
1296 1982 1581 2030 mortuum.
1672 1982 1800 2031 tunc

39 2073 87 2108 25
110 2051 356 2121 spatham
388 2053 536 2106 illam
569 2073 748 2108 secum
781 2058 1060 2123 asportans
1092 2053 1409 2106 hortulanus
1443 2053 1686 2105 inscenso
1715 2071 1800 2105 me

110 2126 318 2179 concito
357 2128 526 2197 gradu
546 2124 716 2192 &recta
741 2129 961 2182 festinat
993 2129 1058 2181 ad
1090 2128 1364 2180 ciuitatem
1396 2145 1492 2179 nec
1523 2126 1800 2180 hortulum

111 2218 267 2253 suum
306 2201 495 2254 saltem
535 2221 724 2256 curans
765 2199 1101 2255 inuisere‘ad
1141 2201 1445 2270 quempiam
1485 2201 1589 2253 sibi
1621 2202 1800 2254 deuer-

111 2274 180 2326 tit
216 2274 546 2329 familiarem.
625 2278 935 2346 cunctisque
975 2276 1203 2329 narratis
1244 2276 1556 2345 deprecatur
1593 2275 1801 2345 pericli-

233 2483 348 2523 2—4
393 2480 519 2525 ‘nam
557 2482 644 2541 [et]
684 2481 761 2526 hic
801 2481 919 2539 ipse'
965 2481 1125 2526 aiebat
1168 2480 1321 2541 ‘<et>’
1364 2480 1487 2526 iners
1532 2479 1704 2524 asellus
1752 2481 1801 2525 et

112 2536 420 2583 nihilominus
446 2539 646 2601 <ferox>
671 2542 927 2597 morboque
962 2539 1237 2585 detestabili
1269 2540 1472 2585 caducus
1505 2541 1670 2596 scripsi
1699 2553 1802 2584 cum

112 2596 266 2654 Luetj.
313 2599 407 2643 nisi
452 2601 571 2666 quod
614 2602 691 2646 ille
736 2615 830 2645 non
875 2602 1014 2655 infant
1062 2600 1179 2703 fiet>
1226 2606 1331 2645 ante
1378 2599 1512 2666 iners·
1555 2599 1613 2654 cf.
1650 2602 1748 2642 149.
1774 2603 1800 2643 9

118 2656 247 2700 ‘nam
278 2658 326 2701 et
356 2657 433 2702 hic
463 2661 582 2716 lpse’
617 2659 780 2705 aiebat
813 2659 953 2703 ‘iners
987 2659 1085 2704 asel
1106 2673 1159 2702 us
1191 2661 1240 2704 et
1269 2658 1419 2703 nihilo
1452 2672 1605 2701 mnus
1637 2657 1800 2702 morbo

113 2714 388 2760 detestabili
435 2718 635 2763 caducus
674 2719 726 2763 E.
789 2719 1044 2774 morboque
1090 2718 1192 2775 qua
1343 2723 1371 2762 4
1416 2716 1630 2762 holerum
1667 2717 1703 2760 F
1741 2718 1800 2773 cf.

107 2779 214 2820 1174.
240 2781 267 2819 3
388 2776 647 2823 maniculos
679 2779 760 2835 qu
869 2782 984 2821 9.10
1019 2777 1255 2837 (parare)
1289 2778 1464 2823 inserui
1570 2780 1626 2820 10
1659 2775 1800 2820 simu-

114 2831 310 2890 lansque
342 2849 367 2880 e
398 2849 446 2880 re
486 2851 587 2882 cum
618 2838 823 2883 Stewech.
857 2837 907 2881 E.
958 2836 1182 2882 simulans
1213 2850 1407 2897 querere
1439 2836 1475 2879 F
1531 2850 1565 2879 s.
1599 2841 1731 2892 qrere
1765 2852 1800 2892 φ

118 2896 174 2936 14
193 2893 382 2959 flubitis
415 2912 450 2951 φ
560 2901 613 2940 18
634 2895 973 2944 ,resurrexisset
1003 2913 1039 2952 φ
1071 2898 1137 2954 (re
1169 2898 1357 2942 induxit
1388 2911 1443 2940 m.
1477 2898 1532 2951 r.)
1639 2900 1695 2939 23
1729 2909 1802 2939 sa-

114 2949 206 2995 luti
236 2952 272 2996 F
315 2953 481 2998 salutis
515 2955 574 3010 φ’
693 2960 748 2999 28
773 2955 1011 3000 enarratis
1044 2965 1082 3009 φ
