1916 3132
808 132 1110 181 ΠΡΩΤΟΝ
1737 130 1805 181 37

107 278 343 343 κότερον
382 271 799 340 κοιλαινόμενα.
870 270 1208 336 συναπαίρει
1246 267 1307 320 δὲ
1345 269 1437 320 καὶ
1467 266 1496 320 6
1526 268 1807 337 Θεαγένης

106 358 218 427 ἅμα
254 361 332 428 τῷ
370 357 641 426 Κνήμωνι
681 353 814 408 καθ’
843 354 1039 423 ἕτερον
1079 352 1325 421 σκάφος,
1365 353 1456 404 καὶ
1483 340 1653 414 ἄλλος
1680 352 1804 405 κατ’

107 442 245 497 ἄλλο
273 448 611 512 πορθμεῖον,
640 440 732 493 καὶ
759 437 938 501 οὕτως
964 437 1220 499 ἅπαντες.
1265 434 1387 490 ἐπεὶ
1414 437 1474 489 δὲ
1502 440 1600 505 τῆς
1626 432 1806 505 νήσου

105 525 309 598 μικρὸν
336 523 570 580 ἄπωθεν
597 524 860 594 ἄραντες,
904 524 995 576 καὶ
1024 520 1500 589 περιπλεύσαντες
1525 524 1744 591 μᾶλλον
1769 520 1807 590 ἢ

57 634 77 666 5
107 611 592 678 ἀποπλεύσαντες,
644 610 880 678 ἐπέσχον
918 605 1023 677 τήν
1062 608 1338 675 εἰρεσίαν,
1379 607 1472 659 καὶ
1510 606 1577 660 τὰ
1615 605 1805 676 σκάφη

109 697 394 750 διέταττον
423 693 514 749 ἐπὶ
550 695 805 764 μέτωπον
841 690 915 755 ὡς
952 692 1197 745 ἐναντίοι
1223 692 1357 754 τοὺς
1382 693 1688 761 πολεμίους
1714 691 1807 743 δε-

109 781 363 851 ξόμενοι,
405 780 815 849 πλησιάσαντες
853 778 1030 846 μόνον
1057 778 1149 830 καὶ
1177 776 1315 845 μηδὲ
1342 777 1405 830 τὸ
1435 776 1640 846 ῥόθιον
1669 774 1808 828 ὑπε-

107 864 406 934 νεγκόντες
432 865 612 933 οἱμὲν
639 863 802 916 ἄλλοι
837 861 1041 925 πάντες
1070 858 1210 930 ὁμοῦ
1238 881 1298 914 τε
1336 858 1489 915 εἶδον
1517 861 1609 914 καὶ
1637 863 1810 927 ἔφευ-

108 969 230 1019 γον,
258 947 392 1004 οὐδὲ
420 947 520 1002 τὸν
540 948 804 1003 ἐνυάλιον
825 950 965 1000 ἔνιοι
987 948 1226 999 κέλαδον
1248 945 1642 1016 ἀνασχόμενοι,
1670 942 1810 998 ὑπε-

32 1054 79 1088 10
108 1033 335 1103 χωρουν
373 1035 434 1087 δὲ
476 1035 757 1102 Θεαγένης
794 1052 852 1085 τε
892 1032 985 1084 καὶ
1025 1030 1053 1084 ὁ
1093 1031 1370 1100 Κνήμων,
1419 1029 1489 1084 οὐ
1528 1030 1671 1099 πρὸς
1709 1027 1811 1082 τὸν

110 1118 294 1188 φόβον
331 1116 393 1171 τὸ
431 1121 604 1171 πλέον
633 1119 906 1180 ἐνδόντες.
953 1116 1126 1185 μόνος
1152 1117 1211 1168 δὲ
1242 1114 1271 1169 6
1302 1115 1516 1185 Θύαμις
1541 1114 1604 1167 τὸ
1630 1115 1733 1184 μέν
1759 1134 1811 1166 τι

110 1201 213 1271 τήν
250 1203 443 1272 φυγὴν
481 1207 613 1265 ἴσως
649 1202 1084 1271 αἰσχυνόμενος,
1124 1197 1262 1268 τάχα
1300 1201 1365 1254 δέ
1396 1220 1507 1254 που
1545 1201 1638 1253 καὶ
1666 1195 1813 1252 εἶναι

110 1285 246 1358 μετὰ
273 1291 618 1356 Χαρίκλειαν
645 1284 748 1339 οὐκ
777 1285 1138 1355 ἀνεχόμενος,
1182 1284 1442 1354 ἐνέβαλεν
1469 1281 1671 1337 ἑαυτὸν
1697 1291 1814 1346 τοῖς

110 1375 412 1442 πολεμίοις.

35 1479 77 1511 15
217 1456 327 1526 ἤδη
350 1457 410 1510 δὲ
434 1458 510 1520 εἰς
530 1466 717 1526 χεῖρας
740 1454 945 1508 ἰόντων
967 1453 1243 1523 ἀνεβόησέ
1262 1474 1343 1516 τις
1366 1445 1570 1516 “οὗτος
1589 1452 1801 1515 ἐκεῖνος
1815 1451 1882 1505 32

112 1540 141 1595 6
171 1543 412 1610 Θύαμις·
453 1543 744 1609 φυλάττου
784 1544 950 1603 πᾶς.”
1011 1539 1103 1591 καὶ
1144 1543 1484 1609 παραχρῆμα
1509 1535 1580 1591 τά
1618 1535 1811 1606 σκάφη

112 1624 253 1694 πρὸς
280 1628 495 1679 κύκλον
523 1625 959 1693 ἐπιστρέψαντες
986 1620 1137 1692 εἶχον
1161 1624 1222 1676 ἐν
1242 1624 1408 1694 μέσῳ.
1451 1627 1555 1676 τοῦ
1584 1623 1643 1675 δὲ
1666 1620 1812 1690 ἀμυ-

114 1709 394 1780 νομένου,
436 1708 528 1764 καὶ
566 1714 641 1781 τῷ
681 1710 875 1777 δόρατι
913 1706 1041 1770 τοὺς
1080 1709 1183 1778 μὲν
1221 1707 1542 1776 τρι-ἄσαντος
1579 1704 1714 1768 τούς
1750 1705 1812 1759 δὲ

114 1793 440 1861 ἀνελόντος,
487 1799 779 1864 θαύματος
825 1787 900 1862 ἧν
951 1794 1210 1847 ἐπέκεινα
1249 1790 1312 1845 τὸ
1350 1792 1674 1862 γινόμενον·
1737 1783 1814 1852 εἷς

43 1900 86 1933 20
121 1878 232 1950 γὰρ
259 1879 444 1942 οὐδεὶς
470 1881 631 1948 ξίφος
657 1876 787 1931 οὔτε
814 1881 1051 1947 ἔβαλλεν
1078 1876 1209 1931 οὔτε
1236 1881 1472 1947 ἔφερεν,
1512 1874 1639 1930 ἀλλ’
1669 1874 1816 1928 ἅπα-

114 1978 222 2017 σαν
257 1963 488 2026 ἕκαστος
525 1962 844 2033 εἰσεφέρετο
881 1959 1139 2031 σπουδὴν
1176 1965 1353 2026 ζῶντα
1390 1965 1604 2030 λαβεῖν.
1680 1956 1711 2013 ὃ
1753 1960 1816 2012 δὲ

116 2046 370 2115 ἀντεῖχεν
399 2047 490 2102 ἐπὶ
517 2052 801 2115 πλεῖστον,
840 2047 943 2109 ἕως
968 2046 1293 2116 ἀφαιρεῖται
1320 2048 1423 2116 μὲν
1451 2049 1553 2099 τοῦ
1580 2045 1816 2112 δόρατος

115 2133 396 2186 πλειόνων
445 2132 558 2200 ἅμα
610 2132 1062 2201 ἐπιλαβομένων,
1114 2131 1425 2201 ἀποβάλλει
1474 2131 1535 2185 δὲ
1585 2131 1678 2182 καὶ
1716 2128 1816 2181 τὸν

115 2215 506 2285 ὑπασπιστήν,
543 2219 810 2285 λαμπρῶς
843 2216 947 2285 μὲν
974 2217 1535 2285 συναγωνισάμενον,
1563 2234 1817 2283 τραυμα-

46 2319 86 2351 25
115 2303 242 2354 τίαν
279 2302 370 2370 δέ,
409 2300 596 2369 ὥσπερ
636 2301 846 2370 ἐδόκει,
884 2303 1114 2370 καιρίως
1148 2302 1524 2371 γεγενημένον
1553 2298 1644 2353 καὶ
1676 2296 1817 2368 πρὸς

118 2383 180 2438 τὸ
207 2383 543 2439 ἀνέλπιστον
573 2385 837 2453 ἐνδόντα,
879 2391 956 2447 εἴς
980 2406 1038 2438 τε
1076 2384 1180 2455 τὴν
1206 2389 1412 2455 λίμνην
1440 2382 1643 2440 ἑαυτὸν
1671 2387 1818 2435 καθ-

121 2470 270 2538 έντα,
299 2473 392 2523 καὶ
418 2474 592 2539 βολῆς
620 2470 780 2532 ἐκτὸς
813 2470 1071 2541 ἐμπειρίᾳ
1098 2474 1199 2523 τοῦ
1227 2480 1350 2523 νεῖν
1378 2469 1689 2536 ἀναδύντα,
1718 2487 1818 2536 χα-

124 2557 308 2616 λεπαῖς
334 2575 391 2608 τε
420 2553 558 2622 πρὸς
586 2553 645 2607 τὸ
672 2555 797 2617 ἕλος
822 2554 1270 2624 ἀπονηξάμενον,
1308 2555 1402 2607 καὶ
1438 2557 1613 2607 ταῦτα
1650 2549 1816 2604 οὐδε-

121 2637 221 2701 νὸς
246 2638 350 2707 τὴν
378 2638 664 2702 ἐπιδίωξιν
702 2642 1130 2707 φροντίσαντος.
1180 2638 1286 2708 ἤδη
1323 2636 1430 2707 γὰρ
1465 2636 1564 2690 τὸν
1594 2636 1818 2703 Θύαμιν

51 2740 92 2774 30
123 2718 438 2793 ᾑρήκεσαν,
478 2721 573 2776 καὶ
611 2728 777 2792 νίκην
805 2722 1118 2792 ὁλόκληρον
1156 2722 1261 2792 τήν
1288 2721 1412 2786 ἑνὸς
1438 2710 1818 2788 ἀνδρδςἿὲιΤλω-

121 2823 214 2862 σιν
239 2807 504 2877 ἡγοῦντο.
555 2809 647 2860 καὶ
674 2809 962 2871 τοσούτοις
987 2818 1102 2871 τοῖς
1130 2811 1340 2876 φιλίοις
1368 2807 1631 2867 ἐλάττους
1657 2822 1820 2870 γεγο-

122 2894 306 2961 νότες,
351 2892 522 2946 πλέον
551 2895 775 2960 ἔχαιρον
801 2892 901 2946 τὸν
928 2890 1228 2960 αὐτόχειρα
1255 2895 1434 2956 ζῶντα
1460 2890 1820 2958 περιέποντες
