<?xml version="1.0" encoding="UTF-8"?>
<!DOCTYPE html PUBLIC "-//W3C//DTD XHTML 1.0 Transitional//EN"
    "http://www.w3.org/TR/xhtml1/DTD/xhtml1-transitional.dtd">
<html xmlns="http://www.w3.org/1999/xhtml" xml:lang="en" lang="en">
 <head>
  <title>
</title>
<meta http-equiv="Content-Type" content="text/html;charset=utf-8" />
  <meta name='ocr-system' content='tesseract 3.04.00' />
  <meta name='ocr-capabilities' content='ocr_page ocr_carea ocr_par ocr_line ocrx_word'/>
</head>
<body>
  <div class='ocr_page' id='page_1' title='image "./aethiopicorumlib00heliuoft_0145.png"; bbox 0 0 1916 3132; ppageno 0'>
   <div class='ocr_carea' id='block_1_1' title="bbox 15 0 1808 31">
    <p class='ocr_par' dir='ltr' id='par_1_1' title="bbox 15 0 1808 31">
     <span class='ocr_line' id='line_1_1' title="bbox 15 0 1808 31; baseline -0.001 -2"><span class='ocrx_word' id='word_1_1' title='bbox 15 0 152 29; x_wconf 68' lang='lat'><strong><em>.&#39;&#39;&#39;‘⁷&#39;&#39;&#39;&#39;</em></strong></span> <span class='ocrx_word' id='word_1_2' title='bbox 186 0 223 9; x_wconf 48' lang='lat'><strong><em>⁷⁷</em></strong></span> <span class='ocrx_word' id='word_1_3' title='bbox 263 0 270 4; x_wconf 84' lang='lat'>&#39;</span> <span class='ocrx_word' id='word_1_4' title='bbox 313 0 356 7; x_wconf 80' lang='lat'><strong><em>&#39;⁷</em></strong></span> <span class='ocrx_word' id='word_1_5' title='bbox 392 0 407 17; x_wconf 79' lang='lat'><em>&#39;</em></span> <span class='ocrx_word' id='word_1_6' title='bbox 722 0 847 30; x_wconf 65' lang='grc' dir='ltr'><strong><em>Γ”“Ι</em></strong></span> <span class='ocrx_word' id='word_1_7' title='bbox 1026 0 1069 8; x_wconf 70' lang='grc'><strong><em>””</em></strong></span> <span class='ocrx_word' id='word_1_8' title='bbox 1284 0 1348 31; x_wconf 79' lang='lat'><strong><em>&#39;7</em></strong></span> <span class='ocrx_word' id='word_1_9' title='bbox 1415 0 1499 27; x_wconf 79' lang='grc' dir='ltr'><em>Ι“““</em></span> <span class='ocrx_word' id='word_1_10' title='bbox 1542 0 1551 7; x_wconf 89' lang='grc'><strong>“</strong></span> <span class='ocrx_word' id='word_1_11' title='bbox 1596 0 1604 5; x_wconf 84' lang='grc'>’</span> <span class='ocrx_word' id='word_1_12' title='bbox 1640 0 1808 13; x_wconf 64' lang='grc'><strong><em>’““”’“</em></strong></span> 
     </span>
    </p>
   </div>
   <div class='ocr_carea' id='block_1_2' title="bbox 795 127 1822 183">
    <p class='ocr_par' dir='ltr' id='par_1_2' title="bbox 795 127 1822 183">
     <span class='ocr_line' id='line_1_2' title="bbox 795 127 1822 183; baseline -0.001 0"><span class='ocrx_word' id='word_1_13' title='bbox 795 132 1164 183; x_wconf 84' lang='grc' dir='ltr'><em>ΠΕΜΠΤΟΝ</em></span> <span class='ocrx_word' id='word_1_14' title='bbox 1722 127 1822 182; x_wconf 84' lang='lat'><strong><em>135</em></strong></span> 
     </span>
    </p>
   </div>
   <div class='ocr_carea' id='block_1_3' title="bbox 0 262 1910 1782">
    <p class='ocr_par' dir='ltr' id='par_1_3' title="bbox 0 262 1910 1782">
     <span class='ocr_line' id='line_1_3' title="bbox 127 262 1831 346; baseline -0.007 -15"><span class='ocrx_word' id='word_1_15' title='bbox 127 274 326 346; x_wconf 83' lang='grc' dir='ltr'><strong><em>ἐαρινή</em></strong></span> <span class='ocrx_word' id='word_1_16' title='bbox 351 295 435 338; x_wconf 89' lang='grc' dir='ltr'><strong><em>τις</em></strong></span> <span class='ocrx_word' id='word_1_17' title='bbox 459 271 575 340; x_wconf 74' lang='grc' dir='ltr'><strong><em>ὥρα</em></strong></span> <span class='ocrx_word' id='word_1_18' title='bbox 601 271 972 338; x_wconf 88' lang='grc' dir='ltr'><strong><em>πυρσεύεται,</em></strong></span> <span class='ocrx_word' id='word_1_19' title='bbox 1001 271 1054 323; x_wconf 84' lang='grc' dir='ltr'><strong><em>εἰ</em></strong></span> <span class='ocrx_word' id='word_1_20' title='bbox 1081 270 1142 324; x_wconf 80' lang='grc' dir='ltr'><strong><em>δὲ</em></strong></span> <span class='ocrx_word' id='word_1_21' title='bbox 1175 269 1426 338; x_wconf 68' lang='grc' dir='ltr'><strong><em>κατέχεον</em></strong></span> <span class='ocrx_word' id='word_1_22' title='bbox 1443 262 1831 336; x_wconf 50' lang='grc' dir='ltr'><strong><em>περιτρέπειςξ</em></strong></span> 
     </span>
     <span class='ocr_line' id='line_1_4' title="bbox 129 351 1822 427; baseline -0.006 -11"><span class='ocrx_word' id='word_1_23' title='bbox 129 359 325 416; x_wconf 74' lang='grc' dir='ltr'><strong><em>ἀκτῖνα</em></strong></span> <span class='ocrx_word' id='word_1_24' title='bbox 351 357 692 427; x_wconf 78' lang='grc' dir='ltr'><em>προσβάλλει</em></span> <span class='ocrx_word' id='word_1_25' title='bbox 716 359 964 425; x_wconf 79' lang='grc' dir='ltr'><strong><em>χρυσῆν,</em></strong></span> <span class='ocrx_word' id='word_1_26' title='bbox 993 351 1098 408; x_wconf 82' lang='grc' dir='ltr'><strong><em>οὐκ</em></strong></span> <span class='ocrx_word' id='word_1_27' title='bbox 1125 351 1498 423; x_wconf 80' lang='grc' dir='ltr'><strong><em>ἀμαυροῦσαν</em></strong></span> <span class='ocrx_word' id='word_1_28' title='bbox 1524 353 1822 423; x_wconf 78' lang='grc' dir='ltr'><strong><em>τραχύτητι</em></strong></span> 
     </span>
     <span class='ocr_line' id='line_1_5' title="bbox 132 436 1822 515; baseline -0.005 -16"><span class='ocrx_word' id='word_1_29' title='bbox 132 444 230 515; x_wconf 76' lang='grc' dir='ltr'><strong><em>τὴν</em></strong></span> <span class='ocrx_word' id='word_1_30' title='bbox 267 443 429 512; x_wconf 80' lang='grc' dir='ltr'><strong><em>ὄψιν,</em></strong></span> <span class='ocrx_word' id='word_1_31' title='bbox 478 439 620 495; x_wconf 77' lang='grc' dir='ltr'><strong><em>ἀλλὰ</em></strong></span> <span class='ocrx_word' id='word_1_32' title='bbox 668 440 1003 510; x_wconf 90' lang='grc' dir='ltr'><strong><em>φαιδρότητι</em></strong></span> <span class='ocrx_word' id='word_1_33' title='bbox 1041 439 1528 509; x_wconf 88' lang='grc' dir='ltr'><strong><em>περιλάμπουσαν.</em></strong></span> <span class='ocrx_word' id='word_1_34' title='bbox 1605 436 1674 490; x_wconf 89' lang='grc' dir='ltr'><strong><em>ού</em></strong></span> <span class='ocrx_word' id='word_1_35' title='bbox 1711 436 1822 506; x_wconf 83' lang='grc' dir='ltr'><strong><em>μὴν</em></strong></span> 
     </span>
     <span class='ocr_line' id='line_1_6' title="bbox 0 521 1822 596; baseline -0.007 -10"><span class='ocrx_word' id='word_1_36' title='bbox 0 584 2 587; x_wconf 85' lang='grc'><strong><em>,</em></strong></span> <span class='ocrx_word' id='word_1_37' title='bbox 131 525 269 584; x_wconf 73' lang='grc' dir='ltr'><strong><em>ἄλλα</em></strong></span> <span class='ocrx_word' id='word_1_38' title='bbox 316 526 410 582; x_wconf 83' lang='grc' dir='ltr'><strong><em>καὶ</em></strong></span> <span class='ocrx_word' id='word_1_39' title='bbox 455 525 694 596; x_wconf 88' lang='grc' dir='ltr'><strong><em>δύναμις</em></strong></span> <span class='ocrx_word' id='word_1_40' title='bbox 742 524 884 596; x_wconf 83' lang='grc' dir='ltr'><strong><em>αὐτῇ</em></strong></span> <span class='ocrx_word' id='word_1_41' title='bbox 935 525 1281 594; x_wconf 87' lang='grc' dir='ltr'><strong><em>γνησιωτέρα</em></strong></span> <span class='ocrx_word' id='word_1_42' title='bbox 1331 527 1447 577; x_wconf 77' lang='grc' dir='ltr'><strong><em>τῶν</em></strong></span> <span class='ocrx_word' id='word_1_43' title='bbox 1498 521 1560 576; x_wconf 88' lang='grc' dir='ltr'><strong><em>ἐκ</em></strong></span> <span class='ocrx_word' id='word_1_44' title='bbox 1599 522 1822 575; x_wconf 83' lang='grc' dir='ltr'><em>δύσεων</em></span> 
     </span>
     <span class='ocr_line' id='line_1_7' title="bbox 0 605 1821 683; baseline -0.005 -15"><span class='ocrx_word' id='word_1_45' title='bbox 0 628 6 631; x_wconf 71' lang='grc'><strong><em>’</em></strong></span> <span class='ocrx_word' id='word_1_46' title='bbox 81 635 102 668; x_wconf 80' lang='lat'><strong>5</strong></span> <span class='ocrx_word' id='word_1_47' title='bbox 136 613 559 683; x_wconf 78' lang='grc' dir='ltr'><strong><em>ἐγκαθίδρυται·</em></strong></span> <span class='ocrx_word' id='word_1_48' title='bbox 618 610 686 665; x_wconf 88' lang='grc' dir='ltr'><strong><em>ού</em></strong></span> <span class='ocrx_word' id='word_1_49' title='bbox 723 611 830 680; x_wconf 84' lang='grc' dir='ltr'><strong><em>γαρ</em></strong></span> <span class='ocrx_word' id='word_1_50' title='bbox 871 609 1234 675; x_wconf 82' lang='grc' dir='ltr'><strong><em>ἐπιψεύδεται</em></strong></span> <span class='ocrx_word' id='word_1_51' title='bbox 1271 605 1376 677; x_wconf 78' lang='grc' dir='ltr'><strong><em>τὴν</em></strong></span> <span class='ocrx_word' id='word_1_52' title='bbox 1414 610 1821 678; x_wconf 76' lang='grc' dir='ltr'><strong><em>προσηγορίαν,</em></strong></span> 
     </span>
     <span class='ocr_line' id='line_1_8' title="bbox 127 692 1823 769; baseline -0.005 -16"><span class='ocrx_word' id='word_1_53' title='bbox 127 695 250 754; x_wconf 75' lang='grc' dir='ltr'><strong><em>ἀλλ’</em></strong></span> <span class='ocrx_word' id='word_1_54' title='bbox 291 696 521 765; x_wconf 72' lang='grc' dir='ltr'><strong><em>άληθῶς</em></strong></span> <span class='ocrx_word' id='word_1_55' title='bbox 558 695 842 769; x_wconf 64' lang='grc' dir='ltr'><strong><em>άμέθυσος</em></strong></span> <span class='ocrx_word' id='word_1_56' title='bbox 879 699 954 765; x_wconf 78' lang='grc' dir='ltr'><strong><em>τῷ</em></strong></span> <span class='ocrx_word' id='word_1_57' title='bbox 983 696 1215 765; x_wconf 80' lang='grc' dir='ltr'><strong><em>φέροντι</em></strong></span> <span class='ocrx_word' id='word_1_58' title='bbox 1255 696 1497 762; x_wconf 86' lang='grc' dir='ltr'><strong><em>γίνεται,</em></strong></span> <span class='ocrx_word' id='word_1_59' title='bbox 1536 692 1823 764; x_wconf 80' lang='grc' dir='ltr'><strong><em>νηφάλιον</em></strong></span> 
     </span>
     <span class='ocr_line' id='line_1_9' title="bbox 127 764 1653 849; baseline -0.006 -12"><span class='ocrx_word' id='word_1_60' title='bbox 127 782 190 838; x_wconf 83' lang='grc' dir='ltr'><strong><em>ἐν</em></strong></span> <span class='ocrx_word' id='word_1_61' title='bbox 224 792 339 846; x_wconf 90' lang='grc' dir='ltr'><strong><em>τοῖς</em></strong></span> <span class='ocrx_word' id='word_1_62' title='bbox 374 783 708 849; x_wconf 83' lang='grc' dir='ltr'><strong><em>συμποσίοις</em></strong></span> <span class='ocrx_word' id='word_1_63' title='bbox 745 782 1227 848; x_wconf 76' lang='grc' dir='ltr'><strong><em>διαφυλάττουσα.</em></strong></span> <span class='ocrx_word' id='word_1_64' title='bbox 1522 764 1653 775; x_wconf 44' lang='lat' dir='ltr'><strong><em>mm</em></strong></span> 
     </span>
     <span class='ocr_line' id='line_1_10' title="bbox 227 860 1910 935; baseline -0.002 -15"><span class='ocrx_word' id='word_1_65' title='bbox 227 868 459 935; x_wconf 84' lang='grc' dir='ltr'><strong><em>τοιαύτη</em></strong></span> <span class='ocrx_word' id='word_1_66' title='bbox 498 865 602 933; x_wconf 77' lang='grc' dir='ltr'><strong><em>μὲν</em></strong></span> <span class='ocrx_word' id='word_1_67' title='bbox 641 863 734 918; x_wconf 87' lang='grc' dir='ltr'><strong><em>καὶ</em></strong></span> <span class='ocrx_word' id='word_1_68' title='bbox 773 869 923 918; x_wconf 82' lang='grc' dir='ltr'><strong><em>πᾶσα</em></strong></span> <span class='ocrx_word' id='word_1_69' title='bbox 965 864 1020 928; x_wconf 84' lang='grc' dir='ltr'><strong><em>ἐξ</em></strong></span> <span class='ocrx_word' id='word_1_70' title='bbox 1054 861 1247 916; x_wconf 80' lang='grc' dir='ltr'><strong><em>Ἰνδῶν</em></strong></span> <span class='ocrx_word' id='word_1_71' title='bbox 1285 882 1344 916; x_wconf 92' lang='grc' dir='ltr'><strong><em>τε</em></strong></span> <span class='ocrx_word' id='word_1_72' title='bbox 1383 860 1477 915; x_wconf 90' lang='grc' dir='ltr'><strong><em>καὶ</em></strong></span> <span class='ocrx_word' id='word_1_73' title='bbox 1515 862 1819 917; x_wconf 83' lang='grc' dir='ltr'><strong><em>Αἰθιόπων</em></strong></span> <span class='ocrx_word' id='word_1_74' title='bbox 1843 864 1910 917; x_wconf 89' lang='grc'><strong><em>14</em></strong></span> 
     </span>
     <span class='ocr_line' id='line_1_11' title="bbox 127 947 1823 1021; baseline -0.001 -17"><span class='ocrx_word' id='word_1_75' title='bbox 127 950 431 1021; x_wconf 78' lang='grc' dir='ltr'><strong><em>ἀμέθυσος·</em></strong></span> <span class='ocrx_word' id='word_1_76' title='bbox 491 949 562 1020; x_wconf 82' lang='grc' dir='ltr'><strong><em>ἣν</em></strong></span> <span class='ocrx_word' id='word_1_77' title='bbox 612 952 672 1004; x_wconf 82' lang='grc' dir='ltr'><strong><em>δὲ</em></strong></span> <span class='ocrx_word' id='word_1_78' title='bbox 720 951 844 1004; x_wconf 93' lang='grc' dir='ltr'><strong><em>τότε</em></strong></span> <span class='ocrx_word' id='word_1_79' title='bbox 881 953 957 1020; x_wconf 76' lang='grc' dir='ltr'><strong><em>τῷ</em></strong></span> <span class='ocrx_word' id='word_1_80' title='bbox 997 952 1320 1002; x_wconf 81' lang='grc' dir='ltr'><strong><em>Ναυσικλεῖ</em></strong></span> <span class='ocrx_word' id='word_1_81' title='bbox 1351 947 1756 1019; x_wconf 80' lang='grc' dir='ltr'><strong><em>προσεκόμιζεν</em></strong></span> <span class='ocrx_word' id='word_1_82' title='bbox 1794 948 1823 1002; x_wconf 90' lang='grc' dir='ltr'>ὁ</span> 
     </span>
     <span class='ocr_line' id='line_1_12' title="bbox 59 1031 1823 1105; baseline -0.004 -13"><span class='ocrx_word' id='word_1_83' title='bbox 59 1058 98 1092; x_wconf 82' lang='grc' dir='ltr'><strong><em>ιο</em></strong></span> <span class='ocrx_word' id='word_1_84' title='bbox 131 1037 461 1103; x_wconf 89' lang='grc' dir='ltr'><strong><em>Καλάσιρις,</em></strong></span> <span class='ocrx_word' id='word_1_85' title='bbox 488 1039 684 1105; x_wconf 77' lang='grc' dir='ltr'><strong><em>μακρῷ</em></strong></span> <span class='ocrx_word' id='word_1_86' title='bbox 712 1033 805 1088; x_wconf 85' lang='grc' dir='ltr'><strong><em>καὶ</em></strong></span> <span class='ocrx_word' id='word_1_87' title='bbox 831 1035 1036 1095; x_wconf 91' lang='grc' dir='ltr'><strong><em>ταύτας</em></strong></span> <span class='ocrx_word' id='word_1_88' title='bbox 1064 1032 1435 1086; x_wconf 79' lang='grc' dir='ltr'><strong><em>ἐπλεονέκτει.</em></strong></span> <span class='ocrx_word' id='word_1_89' title='bbox 1491 1037 1686 1103; x_wconf 87' lang='grc' dir='ltr'><strong><em>γραφῇ</em></strong></span> <span class='ocrx_word' id='word_1_90' title='bbox 1714 1031 1823 1102; x_wconf 77' lang='grc' dir='ltr'><strong><em>γὰρ</em></strong></span> 
     </span>
     <span class='ocr_line' id='line_1_13' title="bbox 127 1112 1822 1189; baseline -0.003 -13"><span class='ocrx_word' id='word_1_91' title='bbox 127 1121 313 1186; x_wconf 83' lang='grc' dir='ltr'><strong><em>ἔξεστο</em></strong></span> <span class='ocrx_word' id='word_1_92' title='bbox 340 1118 432 1172; x_wconf 88' lang='grc' dir='ltr'><strong><em>καὶ</em></strong></span> <span class='ocrx_word' id='word_1_93' title='bbox 459 1121 535 1181; x_wconf 85' lang='grc' dir='ltr'><strong><em>εἰς</em></strong></span> <span class='ocrx_word' id='word_1_94' title='bbox 560 1122 774 1189; x_wconf 87' lang='grc' dir='ltr'><strong><em>μίμημα</em></strong></span> <span class='ocrx_word' id='word_1_95' title='bbox 799 1119 955 1186; x_wconf 71' lang='grc' dir='ltr'><strong><em>ζώων</em></strong></span> <span class='ocrx_word' id='word_1_96' title='bbox 983 1120 1358 1185; x_wconf 85' lang='grc' dir='ltr'><strong><em>ἐκοιλαίνετο,</em></strong></span> <span class='ocrx_word' id='word_1_97' title='bbox 1398 1120 1491 1171; x_wconf 84' lang='grc' dir='ltr'><strong><em>καὶ</em></strong></span> <span class='ocrx_word' id='word_1_98' title='bbox 1517 1112 1592 1187; x_wconf 76' lang='grc' dir='ltr'><strong><em>ἦν</em></strong></span> <span class='ocrx_word' id='word_1_99' title='bbox 1618 1117 1650 1188; x_wconf 83' lang='grc' dir='ltr'><em>ἡ</em></span> <span class='ocrx_word' id='word_1_100' title='bbox 1678 1138 1822 1187; x_wconf 88' lang='grc' dir='ltr'><strong><em>γρα-</em></strong></span> 
     </span>
     <span class='ocr_line' id='line_1_14' title="bbox 126 1200 1824 1276; baseline -0.001 -19"><span class='ocrx_word' id='word_1_101' title='bbox 126 1206 205 1276; x_wconf 84' lang='grc' dir='ltr'><strong><em>φή</em></strong></span> <span class='ocrx_word' id='word_1_102' title='bbox 220 1246 234 1273; x_wconf 83' lang='grc'><strong><em>,</em></strong></span> <span class='ocrx_word' id='word_1_103' title='bbox 285 1206 651 1273; x_wconf 89' lang='grc' dir='ltr'><strong><em>παιδαρίσκος</em></strong></span> <span class='ocrx_word' id='word_1_104' title='bbox 699 1204 987 1273; x_wconf 84' lang='grc' dir='ltr'><strong><em>ἐποίμαινε</em></strong></span> <span class='ocrx_word' id='word_1_105' title='bbox 1028 1200 1316 1271; x_wconf 89' lang='grc' dir='ltr'><strong><em>πρόβατα,</em></strong></span> <span class='ocrx_word' id='word_1_106' title='bbox 1366 1203 1682 1274; x_wconf 80' lang='grc' dir='ltr'><strong><em>χαμαιζήλῳ</em></strong></span> <span class='ocrx_word' id='word_1_107' title='bbox 1719 1203 1824 1272; x_wconf 79' lang='grc' dir='ltr'><strong><em>μὲν</em></strong></span> 
     </span>
     <span class='ocr_line' id='line_1_15' title="bbox 124 1284 1823 1361; baseline -0.002 -17"><span class='ocrx_word' id='word_1_108' title='bbox 124 1292 298 1361; x_wconf 79' lang='grc' dir='ltr'><strong><em>πέτρα</em></strong></span> <span class='ocrx_word' id='word_1_109' title='bbox 323 1288 464 1358; x_wconf 89' lang='grc' dir='ltr'><strong><em>πρὸς</em></strong></span> <span class='ocrx_word' id='word_1_110' title='bbox 498 1288 789 1357; x_wconf 79' lang='grc' dir='ltr'><strong><em>περιωπήν</em></strong></span> <span class='ocrx_word' id='word_1_111' title='bbox 818 1287 1094 1358; x_wconf 76' lang='grc' dir='ltr'><strong><em>ἐφεστώς,</em></strong></span> <span class='ocrx_word' id='word_1_112' title='bbox 1131 1284 1236 1356; x_wconf 88' lang='grc' dir='ltr'><strong><em>τὴν</em></strong></span> <span class='ocrx_word' id='word_1_113' title='bbox 1263 1287 1325 1342; x_wconf 74' lang='grc' dir='ltr'><strong><em>δὲ</em></strong></span> <span class='ocrx_word' id='word_1_114' title='bbox 1350 1286 1533 1357; x_wconf 78' lang='grc' dir='ltr'><strong><em>νομὴν</em></strong></span> <span class='ocrx_word' id='word_1_115' title='bbox 1558 1291 1626 1358; x_wconf 84' lang='grc' dir='ltr'><strong><em>τῇ</em></strong></span> <span class='ocrx_word' id='word_1_116' title='bbox 1653 1287 1823 1359; x_wconf 80' lang='grc' dir='ltr'><strong><em>ἀγέλῃ</em></strong></span> 
     </span>
     <span class='ocr_line' id='line_1_16' title="bbox 0 1369 1824 1447; baseline -0.001 -18"><span class='ocrx_word' id='word_1_117' title='bbox 0 1409 2 1447; x_wconf 72' lang='lat'>1</span> <span class='ocrx_word' id='word_1_118' title='bbox 125 1378 381 1444; x_wconf 79' lang='grc' dir='ltr'><strong><em>πλαγίοις</em></strong></span> <span class='ocrx_word' id='word_1_119' title='bbox 407 1372 693 1443; x_wconf 80' lang='grc' dir='ltr'><strong><em>αὐλήμασι</em></strong></span> <span class='ocrx_word' id='word_1_120' title='bbox 721 1373 1044 1427; x_wconf 84' lang='grc' dir='ltr'><strong><em>διατάττων.</em></strong></span> <span class='ocrx_word' id='word_1_121' title='bbox 1100 1369 1167 1425; x_wconf 74' lang='grc' dir='ltr'><strong><em>τά</em></strong></span> <span class='ocrx_word' id='word_1_122' title='bbox 1194 1371 1254 1425; x_wconf 77' lang='grc' dir='ltr'><strong><em>δὲ</em></strong></span> <span class='ocrx_word' id='word_1_123' title='bbox 1285 1374 1563 1440; x_wconf 84' lang='grc' dir='ltr'><strong><em>ἐπείθετο,</em></strong></span> <span class='ocrx_word' id='word_1_124' title='bbox 1594 1370 1669 1435; x_wconf 75' lang='grc' dir='ltr'><strong><em>ὠς</em></strong></span> <span class='ocrx_word' id='word_1_125' title='bbox 1697 1371 1824 1427; x_wconf 87' lang='grc' dir='ltr'><strong><em>ἐδό-</em></strong></span> 
     </span>
     <span class='ocr_line' id='line_1_17' title="bbox 0 1449 1823 1527; baseline -0.003 -12"><span class='ocrx_word' id='word_1_126' title='bbox 0 1449 1 1459; x_wconf 31' lang='lat'>¹</span> <span class='ocrx_word' id='word_1_127' title='bbox 58 1482 97 1515; x_wconf 82' lang='lat'><strong><em>15</em></strong></span> <span class='ocrx_word' id='word_1_128' title='bbox 127 1480 241 1526; x_wconf 86' lang='grc' dir='ltr'><strong><em>κει,</em></strong></span> <span class='ocrx_word' id='word_1_129' title='bbox 280 1461 372 1512; x_wconf 81' lang='grc' dir='ltr'><strong><em>καὶ</em></strong></span> <span class='ocrx_word' id='word_1_130' title='bbox 408 1457 659 1527; x_wconf 78' lang='grc' dir='ltr'><strong><em>ἠνείχετο</em></strong></span> <span class='ocrx_word' id='word_1_131' title='bbox 696 1457 836 1526; x_wconf 89' lang='grc' dir='ltr'><strong><em>πρὸς</em></strong></span> <span class='ocrx_word' id='word_1_132' title='bbox 871 1458 938 1510; x_wconf 80' lang='grc' dir='ltr'><strong><em>τὰ</em></strong></span> <span class='ocrx_word' id='word_1_133' title='bbox 984 1459 1255 1527; x_wconf 83' lang='grc' dir='ltr'><strong><em>ἐνδόσιμα</em></strong></span> <span class='ocrx_word' id='word_1_134' title='bbox 1281 1460 1378 1526; x_wconf 92' lang='grc' dir='ltr'><strong><em>τῆς</em></strong></span> <span class='ocrx_word' id='word_1_135' title='bbox 1404 1456 1670 1526; x_wconf 77' lang='grc' dir='ltr'><strong><em>σύριγγος</em></strong></span> <span class='ocrx_word' id='word_1_136' title='bbox 1696 1476 1823 1512; x_wconf 90' lang='grc' dir='ltr'><strong><em>ποι-</em></strong></span> 
     </span>
     <span class='ocr_line' id='line_1_18' title="bbox 0 1539 1825 1614; baseline -0.001 -16"><span class='ocrx_word' id='word_1_137' title='bbox 0 1570 2 1612; x_wconf 70' lang='grc'><strong>,</strong></span> <span class='ocrx_word' id='word_1_138' title='bbox 124 1545 453 1614; x_wconf 86' lang='grc' dir='ltr'><strong><em>μαινόμενα.</em></strong></span> <span class='ocrx_word' id='word_1_139' title='bbox 520 1539 676 1595; x_wconf 82' lang='grc' dir='ltr'><strong><em>εἶπεν</em></strong></span> <span class='ocrx_word' id='word_1_140' title='bbox 711 1540 785 1595; x_wconf 77' lang='grc' dir='ltr'><strong><em>ἄν</em></strong></span> <span class='ocrx_word' id='word_1_141' title='bbox 819 1563 902 1605; x_wconf 90' lang='grc' dir='ltr'><strong><em>τις</em></strong></span> <span class='ocrx_word' id='word_1_142' title='bbox 937 1539 1078 1597; x_wconf 72' lang='grc' dir='ltr'><strong><em>αὐτοὶ</em></strong></span> <span class='ocrx_word' id='word_1_143' title='bbox 1113 1545 1206 1597; x_wconf 83' lang='grc' dir='ltr'><strong><em>καὶ</em></strong></span> <span class='ocrx_word' id='word_1_144' title='bbox 1233 1550 1465 1612; x_wconf 77' lang='grc' dir='ltr'><strong><em>χρυσοῖς</em></strong></span> <span class='ocrx_word' id='word_1_145' title='bbox 1490 1543 1825 1611; x_wconf 82' lang='grc' dir='ltr'><strong><em>βεβριθέναι</em></strong></span> 
     </span>
     <span class='ocr_line' id='line_1_19' title="bbox 125 1625 1825 1698; baseline -0.002 -14"><span class='ocrx_word' id='word_1_146' title='bbox 125 1639 241 1692; x_wconf 90' lang='grc' dir='ltr'><strong><em>τοῖς</em></strong></span> <span class='ocrx_word' id='word_1_147' title='bbox 265 1631 523 1698; x_wconf 81' lang='grc' dir='ltr'><strong><em>μαλλοῖς,</em></strong></span> <span class='ocrx_word' id='word_1_148' title='bbox 553 1625 622 1681; x_wconf 84' lang='grc' dir='ltr'><strong><em>ού</em></strong></span> <span class='ocrx_word' id='word_1_149' title='bbox 649 1630 745 1696; x_wconf 84' lang='grc' dir='ltr'><strong><em>τῆς</em></strong></span> <span class='ocrx_word' id='word_1_150' title='bbox 768 1627 964 1696; x_wconf 86' lang='grc' dir='ltr'><strong><em>τέχνης</em></strong></span> <span class='ocrx_word' id='word_1_151' title='bbox 990 1631 1156 1681; x_wconf 83' lang='grc' dir='ltr'><strong><em>τοῦτο</em></strong></span> <span class='ocrx_word' id='word_1_152' title='bbox 1176 1626 1560 1697; x_wconf 81' lang='grc' dir='ltr'><strong><em>χαριζομένης,</em></strong></span> <span class='ocrx_word' id='word_1_153' title='bbox 1591 1625 1714 1680; x_wconf 78' lang='grc' dir='ltr'><strong><em>ἀλλ’</em></strong></span> <span class='ocrx_word' id='word_1_154' title='bbox 1740 1629 1825 1681; x_wconf 87' lang='grc' dir='ltr'><strong><em>οἰ-</em></strong></span> 
     </span>
     <span class='ocr_line' id='line_1_20' title="bbox 127 1710 1826 1782; baseline -0.001 -14"><span class='ocrx_word' id='word_1_155' title='bbox 127 1724 282 1768; x_wconf 90' lang='grc' dir='ltr'><strong><em>κεῖον</em></strong></span> <span class='ocrx_word' id='word_1_156' title='bbox 311 1713 570 1782; x_wconf 89' lang='grc' dir='ltr'><strong><em>ἐρύθημα</em></strong></span> <span class='ocrx_word' id='word_1_157' title='bbox 604 1715 699 1780; x_wconf 89' lang='grc' dir='ltr'><strong><em>τῆς</em></strong></span> <span class='ocrx_word' id='word_1_158' title='bbox 734 1710 1028 1779; x_wconf 84' lang='grc' dir='ltr'><strong><em>άμεθύσου</em></strong></span> <span class='ocrx_word' id='word_1_159' title='bbox 1066 1723 1181 1776; x_wconf 87' lang='grc' dir='ltr'><strong><em>τοῖς</em></strong></span> <span class='ocrx_word' id='word_1_160' title='bbox 1215 1712 1417 1775; x_wconf 75' lang='grc' dir='ltr'><strong><em>νεάτοις</em></strong></span> <span class='ocrx_word' id='word_1_161' title='bbox 1444 1713 1826 1782; x_wconf 86' lang='grc' dir='ltr'><strong><em>ἐπανθούσης.</em></strong></span> 
     </span>
    </p>
   </div>
   <div class='ocr_carea' id='block_1_4' title="bbox 1 831 6 880">
    <p class='ocr_par' dir='ltr' id='par_1_4' title="bbox 1 831 6 880">
     <span class='ocr_line' id='line_1_21' title="bbox 1 831 6 880; baseline 0 0"><span class='ocrx_word' id='word_1_162' title='bbox 1 831 6 880; x_wconf 69' lang='lat' dir='ltr'>l</span> 
     </span>
    </p>
   </div>
   <div class='ocr_carea' id='block_1_5' title="bbox 0 1149 3 1235">
    <p class='ocr_par' dir='ltr' id='par_1_5' title="bbox 0 1149 3 1235">
     <span class='ocr_line' id='line_1_22' title="bbox 0 1149 3 1235; baseline 0 0"><span class='ocrx_word' id='word_1_163' title='bbox 0 1149 3 1235; x_wconf 33' lang='lat' dir='ltr'><em>J</em></span> 
     </span>
    </p>
   </div>
   <div class='ocr_carea' id='block_1_6' title="bbox 8 1793 1830 2962">
    <p class='ocr_par' dir='ltr' id='par_1_6' title="bbox 8 1793 1830 2962">
     <span class='ocr_line' id='line_1_23' title="bbox 129 1793 1825 1868; baseline -0.002 -15"><span class='ocrx_word' id='word_1_164' title='bbox 129 1797 436 1867; x_wconf 81' lang='grc' dir='ltr'><strong><em>ἐγέγραπτο</em></strong></span> <span class='ocrx_word' id='word_1_165' title='bbox 477 1794 567 1850; x_wconf 83' lang='grc' dir='ltr'><strong><em>καὶ</em></strong></span> <span class='ocrx_word' id='word_1_166' title='bbox 594 1794 839 1866; x_wconf 78' lang='grc' dir='ltr'><strong><em>ἀρνειῶν</em></strong></span> <span class='ocrx_word' id='word_1_167' title='bbox 865 1793 1052 1850; x_wconf 78' lang='grc' dir='ltr'><strong><em>ἁπαλοὶ</em></strong></span> <span class='ocrx_word' id='word_1_168' title='bbox 1092 1797 1439 1868; x_wconf 87' lang='grc' dir='ltr'><strong><em>σκιρτήματα</em></strong></span> <span class='ocrx_word' id='word_1_169' title='bbox 1458 1817 1468 1827; x_wconf 93' lang='grc'><em>·</em></span> <span class='ocrx_word' id='word_1_170' title='bbox 1522 1798 1614 1850; x_wconf 84' lang='grc' dir='ltr'><strong><em>καὶ</em></strong></span> <span class='ocrx_word' id='word_1_171' title='bbox 1642 1799 1700 1850; x_wconf 83' lang='grc' dir='ltr'><strong><em>οἳ</em></strong></span> <span class='ocrx_word' id='word_1_172' title='bbox 1721 1798 1825 1866; x_wconf 84' lang='grc' dir='ltr'><strong><em>μὲν</em></strong></span> 
     </span>
     <span class='ocr_line' id='line_1_24' title="bbox 55 1879 1826 1952; baseline -0.002 -15"><span class='ocrx_word' id='word_1_173' title='bbox 55 1903 98 1937; x_wconf 73' lang='lat'><strong><em>²0</em></strong></span> <span class='ocrx_word' id='word_1_174' title='bbox 129 1880 402 1951; x_wconf 81' lang='grc' dir='ltr'><strong><em>ἀγεληδὸν</em></strong></span> <span class='ocrx_word' id='word_1_175' title='bbox 441 1882 532 1935; x_wconf 84' lang='grc' dir='ltr'><strong><em>ἐπὶ</em></strong></span> <span class='ocrx_word' id='word_1_176' title='bbox 559 1880 660 1950; x_wconf 81' lang='grc' dir='ltr'><strong><em>τήν</em></strong></span> <span class='ocrx_word' id='word_1_177' title='bbox 697 1881 908 1951; x_wconf 89' lang='grc' dir='ltr'><strong><em>πέτραν</em></strong></span> <span class='ocrx_word' id='word_1_178' title='bbox 934 1881 1362 1952; x_wconf 84' lang='grc' dir='ltr'><strong><em>άνατρέχοντες,</em></strong></span> <span class='ocrx_word' id='word_1_179' title='bbox 1402 1884 1460 1935; x_wconf 83' lang='grc' dir='ltr'><strong><em>οἳ</em></strong></span> <span class='ocrx_word' id='word_1_180' title='bbox 1482 1883 1543 1935; x_wconf 83' lang='grc' dir='ltr'><strong><em>δὲ</em></strong></span> <span class='ocrx_word' id='word_1_181' title='bbox 1570 1884 1698 1951; x_wconf 85' lang='grc' dir='ltr'><strong><em>περὶ</em></strong></span> <span class='ocrx_word' id='word_1_182' title='bbox 1727 1879 1826 1935; x_wconf 87' lang='grc' dir='ltr'><strong><em>τὸν</em></strong></span> 
     </span>
     <span class='ocr_line' id='line_1_25' title="bbox 126 1964 1824 2036; baseline -0.001 -15"><span class='ocrx_word' id='word_1_183' title='bbox 126 1966 300 2036; x_wconf 84' lang='grc' dir='ltr'><strong><em>νομέα</em></strong></span> <span class='ocrx_word' id='word_1_184' title='bbox 354 1966 599 2029; x_wconf 84' lang='grc' dir='ltr'><strong><em>κύκλους</em></strong></span> <span class='ocrx_word' id='word_1_185' title='bbox 654 1964 972 2034; x_wconf 73' lang='grc' dir='ltr'><strong><em>ἀγερώχους</em></strong></span> <span class='ocrx_word' id='word_1_186' title='bbox 1030 1966 1428 2034; x_wconf 81' lang='grc' dir='ltr'><strong><em>ἐξελίττοντες,</em></strong></span> <span class='ocrx_word' id='word_1_187' title='bbox 1494 1964 1824 2036; x_wconf 88' lang='grc' dir='ltr'><strong><em>ποιμενικὸν</em></strong></span> 
     </span>
     <span class='ocr_line' id='line_1_26' title="bbox 124 2045 1825 2121; baseline -0.001 -15"><span class='ocrx_word' id='word_1_188' title='bbox 124 2054 372 2121; x_wconf 88' lang='grc' dir='ltr'><strong><em>θέατρον</em></strong></span> <span class='ocrx_word' id='word_1_189' title='bbox 412 2052 823 2105; x_wconf 84' lang='grc' dir='ltr'><strong><em>ἐπεδείκνυσαν</em></strong></span> <span class='ocrx_word' id='word_1_190' title='bbox 861 2052 962 2104; x_wconf 90' lang='grc' dir='ltr'><strong><em>τὸν</em></strong></span> <span class='ocrx_word' id='word_1_191' title='bbox 1001 2045 1297 2121; x_wconf 44' lang='grc' dir='ltr'><strong><em>κρημνόνέ</em></strong></span> <span class='ocrx_word' id='word_1_192' title='bbox 1330 2050 1494 2105; x_wconf 80' lang='grc' dir='ltr'><strong><em>ἄλλοι</em></strong></span> <span class='ocrx_word' id='word_1_193' title='bbox 1533 2051 1594 2104; x_wconf 83' lang='grc' dir='ltr'><strong><em>δὲ</em></strong></span> <span class='ocrx_word' id='word_1_194' title='bbox 1633 2049 1825 2118; x_wconf 75' lang='grc' dir='ltr'><strong><em>ὥσπερ</em></strong></span> 
     </span>
     <span class='ocr_line' id='line_1_27' title="bbox 125 2133 1827 2208; baseline -0.001 -18"><span class='ocrx_word' id='word_1_195' title='bbox 125 2135 263 2208; x_wconf 82' lang='grc' dir='ltr'><strong><em>ἡλίῳ</em></strong></span> <span class='ocrx_word' id='word_1_196' title='bbox 314 2138 383 2206; x_wconf 81' lang='grc' dir='ltr'><strong><em>τῇ</em></strong></span> <span class='ocrx_word' id='word_1_197' title='bbox 431 2136 602 2203; x_wconf 85' lang='grc' dir='ltr'><strong><em>φλογὶ</em></strong></span> <span class='ocrx_word' id='word_1_198' title='bbox 647 2139 746 2204; x_wconf 89' lang='grc' dir='ltr'><strong><em>τῆς</em></strong></span> <span class='ocrx_word' id='word_1_199' title='bbox 794 2133 1089 2203; x_wconf 81' lang='grc' dir='ltr'><strong><em>άμεθύσου</em></strong></span> <span class='ocrx_word' id='word_1_200' title='bbox 1146 2139 1523 2207; x_wconf 89' lang='grc' dir='ltr'><strong><em>γαννύμενοι,</em></strong></span> <span class='ocrx_word' id='word_1_201' title='bbox 1581 2135 1827 2204; x_wconf 77' lang='grc' dir='ltr'><strong><em>ἅλμασιν</em></strong></span> 
     </span>
     <span class='ocr_line' id='line_1_28' title="bbox 88 2219 1827 2290; baseline -0.002 -14"><span class='ocrx_word' id='word_1_202' title='bbox 88 2259 91 2262; x_wconf 57' lang='lat'><strong>&lt;</strong></span> <span class='ocrx_word' id='word_1_203' title='bbox 126 2221 479 2290; x_wconf 83' lang='grc' dir='ltr'><strong><em>άκρωνύχοις</em></strong></span> <span class='ocrx_word' id='word_1_204' title='bbox 515 2219 619 2289; x_wconf 80' lang='grc' dir='ltr'><strong><em>τήν</em></strong></span> <span class='ocrx_word' id='word_1_205' title='bbox 656 2220 867 2287; x_wconf 88' lang='grc' dir='ltr'><strong><em>πέτραν</em></strong></span> <span class='ocrx_word' id='word_1_206' title='bbox 907 2220 1151 2286; x_wconf 83' lang='grc' dir='ltr'><strong><em>ἐπέξεον.</em></strong></span> <span class='ocrx_word' id='word_1_207' title='bbox 1219 2221 1339 2275; x_wconf 83' lang='grc' dir='ltr'><strong><em>ὅσοι</em></strong></span> <span class='ocrx_word' id='word_1_208' title='bbox 1367 2223 1428 2274; x_wconf 84' lang='grc' dir='ltr'><strong><em>δὲ</em></strong></span> <span class='ocrx_word' id='word_1_209' title='bbox 1456 2219 1645 2275; x_wconf 75' lang='grc' dir='ltr'><strong><em>αὐτῶν</em></strong></span> <span class='ocrx_word' id='word_1_210' title='bbox 1670 2239 1827 2290; x_wconf 83' lang='grc' dir='ltr'><strong><em>πρω-</em></strong></span> 
     </span>
     <span class='ocr_line' id='line_1_29' title="bbox 58 2304 1829 2376; baseline 0 -18"><span class='ocrx_word' id='word_1_211' title='bbox 58 2325 101 2358; x_wconf 81' lang='lat'><strong><em>25</em></strong></span> <span class='ocrx_word' id='word_1_212' title='bbox 130 2308 356 2375; x_wconf 90' lang='grc' dir='ltr'><strong><em>τόγονοι</em></strong></span> <span class='ocrx_word' id='word_1_213' title='bbox 382 2305 476 2358; x_wconf 85' lang='grc' dir='ltr'><strong><em>καὶ</em></strong></span> <span class='ocrx_word' id='word_1_214' title='bbox 499 2304 865 2373; x_wconf 83' lang='grc' dir='ltr'><strong><em>θρασύτεροι,</em></strong></span> <span class='ocrx_word' id='word_1_215' title='bbox 895 2306 987 2358; x_wconf 86' lang='grc' dir='ltr'><strong><em>καὶ</em></strong></span> <span class='ocrx_word' id='word_1_216' title='bbox 1010 2305 1438 2376; x_wconf 76' lang='grc' dir='ltr'><strong><em>ὑπεράλλεσθαι</em></strong></span> <span class='ocrx_word' id='word_1_217' title='bbox 1460 2305 1829 2375; x_wconf 81' lang='grc' dir='ltr'><strong><em>βουλομένοις</em></strong></span> 
     </span>
     <span class='ocr_line' id='line_1_30' title="bbox 125 2388 1828 2460; baseline -0.001 -14"><span class='ocrx_word' id='word_1_218' title='bbox 125 2390 224 2446; x_wconf 87' lang='grc' dir='ltr'><strong><em>τὸν</em></strong></span> <span class='ocrx_word' id='word_1_219' title='bbox 262 2391 477 2444; x_wconf 86' lang='grc' dir='ltr'><strong><em>κύκλον</em></strong></span> <span class='ocrx_word' id='word_1_220' title='bbox 517 2388 793 2460; x_wconf 70' lang='grc' dir='ltr'><strong><em>ἐῴκεσαν,</em></strong></span> <span class='ocrx_word' id='word_1_221' title='bbox 848 2391 1193 2459; x_wconf 82' lang='grc' dir='ltr'><strong><em>εἰργομένοις</em></strong></span> <span class='ocrx_word' id='word_1_222' title='bbox 1240 2391 1302 2445; x_wconf 78' lang='grc' dir='ltr'><strong><em>δὲ</em></strong></span> <span class='ocrx_word' id='word_1_223' title='bbox 1350 2389 1460 2445; x_wconf 83' lang='grc' dir='ltr'><strong><em>ὑπὸ</em></strong></span> <span class='ocrx_word' id='word_1_224' title='bbox 1500 2395 1597 2460; x_wconf 86' lang='grc' dir='ltr'><strong><em>τῆς</em></strong></span> <span class='ocrx_word' id='word_1_225' title='bbox 1633 2391 1828 2459; x_wconf 88' lang='grc' dir='ltr'><strong><em>τέχνης</em></strong></span> 
     </span>
     <span class='ocr_line' id='line_1_31' title="bbox 128 2473 1826 2546; baseline -0.002 -16"><span class='ocrx_word' id='word_1_226' title='bbox 128 2474 317 2545; x_wconf 74' lang='grc' dir='ltr'><strong><em>ὥσπερ</em></strong></span> <span class='ocrx_word' id='word_1_227' title='bbox 346 2476 398 2528; x_wconf 87' lang='grc' dir='ltr'><strong><em>εἰ</em></strong></span> <span class='ocrx_word' id='word_1_228' title='bbox 417 2474 678 2544; x_wconf 89' lang='grc' dir='ltr'><strong><em>μάνδραν</em></strong></span> <span class='ocrx_word' id='word_1_229' title='bbox 703 2481 922 2546; x_wconf 88' lang='grc' dir='ltr'><strong><em>χρυσῆν</em></strong></span> <span class='ocrx_word' id='word_1_230' title='bbox 949 2473 1053 2543; x_wconf 85' lang='grc' dir='ltr'><strong><em>τὴν</em></strong></span> <span class='ocrx_word' id='word_1_231' title='bbox 1080 2475 1406 2546; x_wconf 90' lang='grc' dir='ltr'><strong><em>σφενδόνην</em></strong></span> <span class='ocrx_word' id='word_1_232' title='bbox 1433 2474 1623 2539; x_wconf 82' lang='grc' dir='ltr'><strong><em>αὐτοῖς</em></strong></span> <span class='ocrx_word' id='word_1_233' title='bbox 1648 2494 1708 2527; x_wconf 91' lang='grc' dir='ltr'><strong><em>τε</em></strong></span> <span class='ocrx_word' id='word_1_234' title='bbox 1734 2475 1826 2527; x_wconf 88' lang='grc' dir='ltr'><strong><em>καὶ</em></strong></span> 
     </span>
     <span class='ocr_line' id='line_1_32' title="bbox 127 2554 1827 2631; baseline -0.001 -18"><span class='ocrx_word' id='word_1_235' title='bbox 127 2562 195 2630; x_wconf 82' lang='grc' dir='ltr'><strong><em>τῇ</em></strong></span> <span class='ocrx_word' id='word_1_236' title='bbox 222 2559 395 2630; x_wconf 83' lang='grc' dir='ltr'><strong><em>πέτρᾳ</em></strong></span> <span class='ocrx_word' id='word_1_237' title='bbox 422 2560 885 2630; x_wconf 89' lang='grc' dir='ltr'><strong><em>περιβαλλούσης.</em></strong></span> <span class='ocrx_word' id='word_1_238' title='bbox 950 2559 987 2629; x_wconf 79' lang='grc' dir='ltr'><em>ἢ</em></span> <span class='ocrx_word' id='word_1_239' title='bbox 1026 2561 1087 2613; x_wconf 82' lang='grc' dir='ltr'><strong><em>δὲ</em></strong></span> <span class='ocrx_word' id='word_1_240' title='bbox 1125 2554 1198 2630; x_wconf 78' lang='grc' dir='ltr'><strong><em>ἦν</em></strong></span> <span class='ocrx_word' id='word_1_241' title='bbox 1234 2561 1407 2630; x_wconf 89' lang='grc' dir='ltr'><strong><em>πέτρα</em></strong></span> <span class='ocrx_word' id='word_1_242' title='bbox 1442 2563 1520 2631; x_wconf 77' lang='grc' dir='ltr'><strong><em>τῷ</em></strong></span> <span class='ocrx_word' id='word_1_243' title='bbox 1546 2557 1693 2626; x_wconf 78' lang='grc' dir='ltr'><strong><em>ὄντι,</em></strong></span> <span class='ocrx_word' id='word_1_244' title='bbox 1735 2558 1827 2612; x_wconf 88' lang='grc' dir='ltr'><strong><em>καὶ</em></strong></span> 
     </span>
     <span class='ocr_line' id='line_1_33' title="bbox 129 2641 1826 2714; baseline -0.001 -17"><span class='ocrx_word' id='word_1_245' title='bbox 129 2641 253 2712; x_wconf 79' lang='grc' dir='ltr'><strong><em>οὐχὶ</em></strong></span> <span class='ocrx_word' id='word_1_246' title='bbox 278 2646 514 2713; x_wconf 89' lang='grc' dir='ltr'><strong><em>μίμημα·</em></strong></span> <span class='ocrx_word' id='word_1_247' title='bbox 553 2647 666 2698; x_wconf 74' lang='grc' dir='ltr'><strong><em>τῶν</em></strong></span> <span class='ocrx_word' id='word_1_248' title='bbox 702 2643 811 2714; x_wconf 77' lang='grc' dir='ltr'><strong><em>γὰρ</em></strong></span> <span class='ocrx_word' id='word_1_249' title='bbox 849 2644 1040 2713; x_wconf 76' lang='grc' dir='ltr'><strong><em>ἄκρων</em></strong></span> <span class='ocrx_word' id='word_1_250' title='bbox 1075 2649 1175 2713; x_wconf 84' lang='grc' dir='ltr'><strong><em>τῆς</em></strong></span> <span class='ocrx_word' id='word_1_251' title='bbox 1200 2649 1371 2699; x_wconf 83' lang='grc' dir='ltr'><strong><em>λίθου</em></strong></span> <span class='ocrx_word' id='word_1_252' title='bbox 1396 2645 1564 2714; x_wconf 89' lang='grc' dir='ltr'><strong><em>μέρος</em></strong></span> <span class='ocrx_word' id='word_1_253' title='bbox 1591 2646 1670 2706; x_wconf 88' lang='grc' dir='ltr'><strong><em>εἰς</em></strong></span> <span class='ocrx_word' id='word_1_254' title='bbox 1695 2643 1826 2697; x_wconf 85' lang='grc' dir='ltr'><strong><em>τοῦ-</em></strong></span> 
     </span>
     <span class='ocr_line' id='line_1_34' title="bbox 8 2723 1829 2799; baseline -0.001 -20"><span class='ocrx_word' id='word_1_255' title='bbox 8 2772 11 2773; x_wconf 15' lang='lat'><em>⁷</em></span> <span class='ocrx_word' id='word_1_256' title='bbox 58 2743 102 2779; x_wconf 74' lang='lat'><strong><em>³0</em></strong></span> <span class='ocrx_word' id='word_1_257' title='bbox 131 2748 192 2782; x_wconf 93' lang='grc' dir='ltr'><strong><em>το</em></strong></span> <span class='ocrx_word' id='word_1_258' title='bbox 230 2730 581 2796; x_wconf 83' lang='grc' dir='ltr'><strong><em>περιγράψας</em></strong></span> <span class='ocrx_word' id='word_1_259' title='bbox 619 2727 647 2782; x_wconf 88' lang='grc' dir='ltr'>ὁ</span> <span class='ocrx_word' id='word_1_260' title='bbox 696 2734 946 2799; x_wconf 89' lang='grc' dir='ltr'><strong><em>τεχνίτης</em></strong></span> <span class='ocrx_word' id='word_1_261' title='bbox 993 2730 1204 2793; x_wconf 83' lang='grc' dir='ltr'><strong><em>ἔδειξεν</em></strong></span> <span class='ocrx_word' id='word_1_262' title='bbox 1254 2731 1315 2783; x_wconf 84' lang='grc' dir='ltr'><strong><em>ἐκ</em></strong></span> <span class='ocrx_word' id='word_1_263' title='bbox 1354 2733 1452 2798; x_wconf 84' lang='grc' dir='ltr'><strong><em>τῆς</em></strong></span> <span class='ocrx_word' id='word_1_264' title='bbox 1490 2727 1760 2797; x_wconf 87' lang='grc' dir='ltr'><strong><em>άληθειάς</em></strong></span> <span class='ocrx_word' id='word_1_265' title='bbox 1800 2723 1829 2778; x_wconf 85' lang='grc' dir='ltr'><em>ὃ</em></span> 
     </span>
     <span class='ocr_line' id='line_1_35' title="bbox 130 2811 1830 2884; baseline -0.002 -18"><span class='ocrx_word' id='word_1_266' title='bbox 130 2811 426 2881; x_wconf 76' lang='grc' dir='ltr'><strong><em>ἐβούλετο,</em></strong></span> <span class='ocrx_word' id='word_1_267' title='bbox 467 2816 768 2882; x_wconf 88' lang='grc' dir='ltr'><strong><em>περίεργον</em></strong></span> <span class='ocrx_word' id='word_1_268' title='bbox 801 2812 1156 2884; x_wconf 82' lang='grc' dir='ltr'><strong><em>,ἡγησάμενος</em></strong></span> <span class='ocrx_word' id='word_1_269' title='bbox 1193 2817 1361 2868; x_wconf 88' lang='grc' dir='ltr'><strong><em>λίθον</em></strong></span> <span class='ocrx_word' id='word_1_270' title='bbox 1390 2815 1453 2868; x_wconf 81' lang='grc' dir='ltr'><strong><em>ἐν</em></strong></span> <span class='ocrx_word' id='word_1_271' title='bbox 1490 2817 1634 2881; x_wconf 79' lang='grc' dir='ltr'><strong><em>λίθῳ</em></strong></span> <span class='ocrx_word' id='word_1_272' title='bbox 1663 2813 1830 2878; x_wconf 81' lang='grc' dir='ltr'><strong><em>σοφί-</em></strong></span> 
     </span>
     <span class='ocr_line' id='line_1_36' title="bbox 131 2899 410 2962; baseline 0.007 -12"><span class='ocrx_word' id='word_1_273' title='bbox 131 2899 339 2962; x_wconf 83' lang='grc' dir='ltr'><strong><em>ζεσθαι.</em></strong></span> <span class='ocrx_word' id='word_1_274' title='bbox 404 2945 410 2952; x_wconf 87' lang='grc'><em>,</em></span> 
     </span>
    </p>
   </div>
  </div>
 </body>
</html>
