1916 3132
167 93 268 146 152
827 97 1200 145 ΠΕΜΠΤΟΝ

165 231 284 302 βων
323 235 414 286 καὶ
453 232 604 300 παρα
642 230 746 302 τὴν
771 235 1115 300 Χαρίκλειαν
1155 232 1361 300 ἐλθών,
1392 230 1580 303 εὑρών
1605 253 1663 288 τε
1692 237 1855 289 δεδα-

165 319 483 386 κρυμένην,
525 309 567 370 ὦ
602 317 853 385 θύγατερ
894 321 1068 387 ἔφην,
1114 317 1353 371 εἰωθότα
1390 320 1492 387 μέν
1530 333 1619 372 σοι
1658 319 1750 372 καὶ
1789 317 1860 372 οὐ

166 403 322 466 ξένα·
362 407 596 470 θρηνεῖς
622 400 674 453 δ’
705 393 808 454 οὖν
838 401 984 471 ὅμως
1010 400 1046 454 α’
1073 403 1165 454 καὶ
1191 401 1486 472 πρότερον,
1522 401 1560 473 ἤ
1587 423 1639 456 τι
1666 403 1860 457 καινό-

165 505 359 581 τερου;
387 485 426 555 ἤ
452 487 512 539 δὲ
539 485 721 539 πάντα
748 487 852 555 μὲν
879 488 1005 555 ἔφη,
1043 484 1150 556 πρὸ
1178 489 1408 540 πάντων
1434 488 1495 540 δὲ
1521 487 1587 540 τὰ
1614 489 1860 558 προσδο-

166 568 389 639 κώμενα
426 591 518 623 και
553 569 655 638 τὴν
700 570 817 638 ἐμοι
840 574 1171 672 Tyaxc'vovl
1190 574 1463 640 πολεμίαν
1500 571 1750 641 εὔνοιαν,
1769 569 1912 653 jg5

168 655 316 717 εἰκὸς
344 656 543 751 ἐκείνω
569 653 668 707 τὸν
695 653 947 738 καιρὸν
934 656 1232 722 ἐπιτεῖναι·
1273 659 1430 724 φιλεῖ
1457 677 1565 726 γαρ
1595 654 1860 726 εὐημερία

166 720 511 810 παραλογος
511 738 739 809 ύβρεως
779 742 914 810 ἔργα
952 742 1375 838 προκαλεῖσθαι.
1459 745 1732 810 Τραχῖνος
1755 741 1860 810 μὲν

166 842 271 876 ουν
298 825 390 876 καὶ
418 821 446 876 6
484 814 762 892 Τραχινου
790 822 1059 891 στυγητὸς
1086 826 1219 890 ἔρως
1255 824 1575 894 οἰμώξεται,
1602 824 1859 878 θανάτου

165 928 258 976 μοι
284 910 564 976 προλήψει
591 911 1180 977 περιγραφησόμενος·
1221 909 1313 977 ἐμὲ
1343 909 1402 962 δὲ
1427 908 1462 978 ἥ
1487 929 1546 962 τε
1573 910 1640 979 σὴ
1670 911 1860 962 ἔννοια

166 990 310 1061 καὶὴ
338 992 682 1060 Θεαγένους,
702 994 764 1045 ἐἰ
786 991 895 1059 πρὸ
912 996 1015 1045 τοῦ
1034 993 1230 1055 τέλους
1249 994 1691 1063 χωρισθήσομαι,
1722 991 1862 1062 πρὸς
1892 1017 1916 1055 1⁴

164 1075 418 1145 θρήνους
464 1077 757 1145 κατήγαγε.
837 1075 903 1128 τοὶ
944 1075 1109 1145 ὄντα,
1160 1079 1320 1146 ἔφην,
1369 1076 1622 1142 εἰκάζεις·
1683 1074 1710 1130 6
1749 1076 1858 1146 γὰρ

174 1165 447 1229 Τραχῖνος
486 1162 562 1223 εἰς
597 1163 780 1229 γάμον
816 1161 917 1215 τὸν
944 1159 1122 1214 αὑτοῦ
1149 1181 1206 1214 τε
1243 1161 1334 1214 καὶ
1363 1161 1465 1214 σὸν
1492 1159 1601 1214 ἀπὸ
1627 1164 1723 1230 τῆς
1747 1166 1858 1214 θυ-

166 1248 287 1306 σίας
312 1254 603 1313 μεταποιεῖ
625 1247 727 1314 την
755 1243 1014 1313 εὐωχίαν,
1046 1246 1174 1314 ἐμοί
1206 1265 1264 1298 τε
1301 1242 1373 1308 ὡς
1398 1247 1564 1312 πατρὶ
1590 1244 1693 1314 τήν
1719 1248 1858 1314 βου-

166 1326 272 1396 λήν
301 1330 689 1399 ἑξηγόρευσεν,
732 1330 904 1382 εἰδότι
941 1331 1044 1398 μὲν
1085 1329 1260 1395 a—QQJ
1296 1329 1388 1383 καὶ
1424 1330 1596 1382 παλαι
1634 1331 1739 1399 τὴν
1767 1328 1858 1382 ἐπὶ·

166 1413 254 1464 σοὶ
280 1412 532 1481 μανιώδη
562 1417 659 1467 κίν
694 1428 802 1476 σιν,
845 1413 901 1477 ἐξ
941 1406 1021 1467 ὧν
1059 1413 1087 1466 6
1133 1397 1423 1484 Τυρρηνός
1455 1434 1548 1482 μοι
1586 1434 1724 1467 κατα
1752 1405 1916 1484 1:7¹qu

165 1496 513 1574 Ζακυνθίων
579 1500 833 1566 ιείλεκτο,
875 1513 1157 1551 σιωπωντι
1196 1499 1257 1550 δὲ
1296 1497 1436 1567 πρὸς
1469 1496 1641 1567 ὑμας,
1679 1494 1811 1562 ὣς
1787 1496 1858 1552 οἶν

164 1589 280 1641 τοῖς
314 1580 618 1646 μέλλουσιν
657 1580 934 1649 ἀλγεινοῖς
969 1603 1042 1650 μη
1081 1583 1458 1651 προκάμνοιτε
1492 1581 1588 1646 τὰς
1612 1583 1854 1652 γνώμας,

168 1664 538 1731 ἐνδεχόμενον
574 1663 665 1717 καὶ
705 1668 1004 1733 διαδρᾶναι
1039 1665 1142 1734 τήν
1179 1665 1506 1736 ἐπιβουλήν.
1568 1668 1687 1721 ἐπεὶ
1724 1669 1784 1720 δὲ
1812 1658 1856 1721 ὦ

166 1749 361 1809 παῖδες
380 1747 520 1816 πρὸς
548 1752 713 1801 τοῦτο
741 1750 846 1816 μὲν
869 1748 897 1801 6
926 1752 1142 1817 δαίμων
1167 1748 1529 1819 ἀντέπραξεν,
1571 1753 1634 1805 ἐν
1670 1750 1858 1815 αὐτοῖς

167 1832 226 1883 δὲ
253 1841 368 1894 τοῖς
395 1834 599 1894 δεινοῖς
627 1832 1031 1905 ἐμβεβήκαμεν,
1061 1832 1274 1902 φέρεῖτι
1299 1845 1564 1902 γενναῖον
1592 1834 1684 1888 καὶ
1710 1832 1852 1889 ἀπό-
1881 1860 1916 1894 20

165 1935 337 1983 τομον
366 1915 794 1985 ἐγχειρήσαντες
815 1914 986 1985 ὁμόσε
1014 1921 1082 1987 τῇ
1117 1917 1266 1987 ἀκμῇ
1304 1923 1405 1971 τοῦ
1442 1920 1719 1973 κινδύνου
1745 1939 1856 1988 χω-

167 2000 444 2068 ρήσωμεν,
483 1996 519 2068 ἢ
545 1999 605 2052 τὸ
636 1997 777 2053 εἶναι
803 2005 1074 2069 γενναίως
1101 2003 1192 2054 καὶ
1222 2001 1536 2071 ἐλευθέρως
1562 2004 1851 2072 κατορθώ-

166 2098 388 2151 σαντες,
411 2083 458 2153 ἢ
493 2083 554 2137 τὸ
590 2085 863 2139 τεθνάναι
890 2088 1200 2155 σωφρόνως
1226 2086 1318 2139 καὶ
1346 2085 1615 2151 ἀνδρείως
1635 2084 1855 2156 ἑκερδή-

166 2183 381 2230 σαντες.

82 2257 147 2308 31
277 2249 350 2313 ὡς
375 2253 437 2305 δὲ
475 2253 732 2321 ποιήσειν
759 2251 789 2306 ὅ
814 2275 864 2307 τι
893 2254 964 2307 ἀν
990 2255 1200 2307 κελεύω
1230 2255 1683 2323 καθυπέσχοντο,
1710 2252 1851 2308 ὑπο·
1884 2282 1916 2316 25

164 2336 400 2404 θέμενος
425 2335 486 2388 τὸ
512 2330 1069 2410 πρακτέονιέκείνους
1095 2339 1196 2407 μὲν
1232 2336 1516 2392 ἀπολείπω
1553 2341 1853 2393 διασκευα-

166 2406 470 2487 ζομένουςὲ
507 2421 596 2474 ἐπὶ
638 2421 697 2473 δὲ
736 2419 836 2475 τὸν
876 2423 1279 2486 δευτερεύοντα
1325 2421 1604 2491 Τραχίνου
1642 2423 1853 2499 λῃστήν

167 2504 442 2573 (ἐκαλεῖτο
469 2505 556 2572 δέ,
587 2502 765 2573 οἶμαι,
795 2507 1078 2579 ΙΞέλ-ωρος)
1107 2505 1446 2574 ἀφικόμενος
1472 2510 1616 2575 ἔχειν
1636 2528 1687 2560 τι
1706 2505 1851 2576 φρά-

165 2590 277 2652 ζειν
316 2586 468 2640 αύτω
509 2590 965 2657 κερδαλεώτατον
994 2593 1204 2658 ἔλεγον.
1285 2592 1508 2645 ἐκείνου
1535 2592 1595 2644 ὁὲ
1624 2591 1852 2659 ἑτοίμως

164 2668 595 2736 ὑπακούσαντος
642 2675 733 2726 καὶ
784 2668 850 2726 οὗ
889 2674 1080 2743 μηδεὶς
1117 2673 1452 2743 ἀκροάσεται
1490 2674 1916 2744 παραγαγόν-3ῃ

163 2746 355 2834 τος,[’
325 2755 552 2819 ακούοις
590 2755 689 2824 ἄν,
731 2762 891 2826 ἔφην,
932 2760 973 2811 ω’
1014 2761 1232 2825 τέκνον,
1284 2759 1747 2827 ἐπιτετμημεᾝνως
1789 2759 1851 2811 τὸ

164 2859 272 2908 γαρ
301 2838 502 2893 στενὸν
527 2841 628 2894 τοῦ
655 2846 855 2909 καιροῦ
883 2846 1228 2910 πολυλογίαν
1248 2839 1351 2894 οὐκ
1382 2843 1703 2911 ἐπιδεχεται.
1746 2842 1848 2912 ἐρᾷ
