1916 3132
161 69 233 122 34
867 75 1162 122 ΠΡΩΤΟΝ

163 210 448 280 γωγήσας,
487 209 670 263 πολλοὶ
711 209 801 263 καὶ
831 210 1243 279 ἐπιθαρσύνας,
1283 211 1376 273 καὶ
1414 207 1487 272 ὥς
1514 212 1590 273 εἰς
1616 199 1859 278 ἑσπέραν

164 293 275 364 ἅμα
312 299 388 364 τῷ
419 296 687 362 Θεαγένει
726 295 982 364 φοιτήσει
1020 296 1597 364 κατεπαγγειλάμενος
1633 294 1723 363 (οὐ
1750 293 1858 365 γὰρ

167 379 490 448 ἐπιτρέψειν
513 377 663 449 αὐτῷ
685 382 1086 447 συμπλακῆναι
1103 389 1219 442 τοῖς
1244 383 1547 446 πολεμίοις,
1570 378 1712 432 ἀλλά
1734 381 1857 432 δια-

165 465 373 531 δρᾶναί
397 464 454 516 οἱ
473 461 576 531 τὴν
602 463 835 532 μάχην),
875 462 1047 518 οὐδὲν
1083 466 1479 534 φθεγξαμένην
1513 462 1641 516 ἀλλ’
1671 462 1859 532 ὥσπερ

163 548 395 618 θανάτῳ
443 551 521 619 τῷ
569 550 723 616 κακῷ
769 550 1122 617 βεβλημένην
1171 547 1264 602 καὶ
1313 547 1499 615 ὥσπερ
1539 553 1720 617 ψυχῆς
1757 551 1859 601 τοῦ
1889 565 1910 597 5

168 635 485 700 Θεαγένους
512 626 900 701 ἀφῃρημένην,
930 629 1151 686 ἄπνουν
1178 633 1269 686 καὶ
1288 635 1538 700 σιγῶσαν
1564 629 1859 694 ἀπολιπών

166 714 434 770 ἀνεδύετο
462 719 563 768 τοῦ
590 719 893 784 σπηλαίου·
939 717 1029 769 καὶ
1066 715 1165 771 τὸν
1202 715 1375 770 οὐδὸν
1413 716 1728 785 ἐπαγαγών,
1765 718 1860 773 καί

166 822 218 855 τι
245 802 336 854 καὶ
366 801 765 869 ἐπιδακρύσας,
796 798 968 853 αὑτόν
994 821 1051 853 τε
1077 805 1173 870 τῆς
1199 800 1446 869 ἀνάγκης
1470 799 1739 870 κάκείνην
1765 799 1861 872 τῆς

165 886 359 954 τύχης,
389 882 477 938 ὅτι
503 884 680 953 μόνον
704 883 826 953 οὐχὶ
852 888 1034 950 ζῶσαν
1052 892 1133 955 εἴη
1162 884 1493 948 καταθάψας
1514 887 1606 938 καὶ
1633 883 1695 938 τὸ
1722 876 1858 953 φας’-

166 969 439 1038 δρότατον
477 972 591 1021 τῶν
622 969 685 1022 ἐν
721 967 1047 1038 ἀνθρώποις
1075 973 1415 1039 Χαρίκλειαν
1441 970 1604 1022 νυκτὶ
1639 967 1732 1021 καὶ
1765 968 1854 1034 ζό-
1885 984 1916 1019 1(

167 1074 255 1126 φω
283 1054 712 1121 παραδεδωκώς,
742 1051 1043 1123 ἀπέτρεχεν
1070 1052 1142 1118 ὥς
1166 1053 1267 1107 τὸν
1286 1053 1523 1122 Θύαμιν.
1566 1053 1659 1105 καὶ
1686 1072 1858 1106 κατα-

167 1139 438 1207 λαμβάνει
465 1138 654 1202 ζέοντα
683 1135 820 1203 πρὸς
858 1137 960 1207 τὴν
986 1139 1198 1207 μάχην,
1238 1139 1330 1191 καὶ
1357 1136 1533 1190 αὐτόν
1558 1157 1618 1190 τε
1644 1136 1756 1205 ἅμα
1781 1141 1858 1209 τῷ

169 1222 435 1290 Θεαγένει
475 1224 737 1290 λαμπρῶς
780 1221 1225 1291 ἐξωπλισμένον,
1277 1221 1369 1276 καὶ
1407 1222 1538 1284 τοὺς
1572 1221 1681 1290 ἤδη
1719 1210 1853 1291 παρ’

168 1306 342 1360 αὐτὸν
383 1306 851 1374 συνειλεγμένους
888 1306 1028 1376 πρὸς
1064 1305 1127 1360 τὸ
1175 1306 1559 1376 μανικώτερον
1596 1310 1671 1377 τῷ
1711 1298 1859 1377 λόγζο

167 1389 676 1458 παρασκευάζοντα.
746 1389 876 1454 στάς
910 1389 1018 1459 γὰρ
1056 1394 1133 1455 εἰς
1165 1391 1367 1460 μέσους
1402 1394 1555 1459 ἔλεγε
1827 1380 1839 1414 ³
1891 1402 1916 1438 1³

276 1478 714 1543 συστρατιῶται,
752 1476 1089 1544 προτρέπειν
1123 1477 1227 1545 μὲν
1263 1475 1406 1544 ὑμᾶς
1441 1473 1544 1528 οὐκ
1589 1471 1698 1527 οἶδ’
1737 1471 1769 1527 ὅ
1807 1492 1859 1532 τι

168 1560 256 1612 δεῖ
278 1558 369 1611 διὰ
397 1558 696 1626 πλειόνων,
737 1557 942 1622 αὐτούς
968 1580 1025 1613 τε
1060 1559 1432 1629 ὑπομνήσεως
1468 1557 1638 1613 οὐδὲν
1665 1556 1862 1628 δεομέ-

166 1664 320 1710 νους,
362 1641 502 1695 ἀλλά
539 1645 668 1710 βιόν
694 1641 780 1695 ἀεὶ
818 1643 914 1695 τὸν
952 1645 1200 1713 πόλεμον
1227 1644 1595 1713 ἡγουμένους,
1636 1643 1730 1695 καὶ
1755 1641 1860 1697 ἆλτ-

167 1731 276 1790 λως
301 1732 397 1796 τῆς
424 1726 853 1795 ἀπροσδοκήτου
879 1731 992 1779 τῶν
1021 1728 1295 1781 ἐναντίων
1323 1727 1536 1796 ἐφόδου
1563 1728 1625 1779 τὸ
1651 1727 1860 1793 παρέλὲ-

167 1832 271 1865 κον
308 1815 421 1864 τῶν
460 1811 645 1878 λόγων
683 1808 1161 1880 ὑποτεμνομένης·
1223 1807 1305 1864 ὦν
1339 1810 1446 1879 γάρ
1488 1812 1550 1863 ἐν
1587 1813 1770 1878 ἔργοις
1804 1809 1865 1862 οἱ
1886 1827 1916 1861 2(

171 1897 455 1964 πολέμιοι,
504 1897 739 1957 τούτους
776 1892 850 1962 μὴ
890 1894 983 1946 διά
1021 1901 1135 1948 των
1175 1893 1381 1963 ὁμοίων
1421 1896 1530 1948 σὺν
1566 1894 1719 1963 τάχει
1756 1896 1860 1964 τὴν

169 1978 391 2048 ἄμυναν
450 1980 679 2047 ἐπάγειν
734 1979 1091 2032 παντάπασίν
1149 1980 1264 2033 ἐστι
1319 1984 1419 2032 τοῦ
1476 1981 1861 2047 προσήκοντος

167 2061 575 2131 ὑστερούντων.
618 2063 827 2126 εἰδότες
865 2056 972 2116 οὖν
1011 2061 1082 2125 ὠς
1119 2063 1222 2132 οὐχ
1259 2061 1399 2131 ὑπὲρ
1426 2067 1715 2132 γυναικῶν
1743 2061 1860 2118 ἐστὶ

171 2148 263 2201 καὶ
290 2149 506 2199 παίδων
535 2147 563 2199 ὁ
592 2147 780 2215 λόγος,
820 2144 849 2200 ὅ
877 2147 943 2216 δή
974 2151 1202 2210 πολλοῖς
1239 2150 1315 2211 εἰς
1339 2147 1401 2200 τὸ
1428 2147 1739 2216 παροξῦναι
1765 2146 1859 2200 καὶ

169 2234 348 2300 μόνον
373 2229 514 2297 πρὸς
534 2231 716 2299 μάχην
736 2230 940 2300 ἤρκεσε
964 2234 1145 2299 (ταυτὶ
1166 2231 1273 2301 γὰρ
1293 2230 1428 2301 ἡμῖν
1450 2232 1742 2292 ἐλάττονος
1762 2230 1859 2284 λό-
1888 2246 1916 2278 2.·

168 2335 294 2384 γου,
323 2315 415 2367 καὶ
442 2319 686 2367 τοσαῦτα
714 2318 861 2384 ἔχειν
890 2315 1105 2380 ἐξέσται
1133 2315 1238 2369 ὅσα
1265 2317 1354 2368 καὶ
1383 2316 1549 2368 νικᾶν
1574 2317 1856 2383 περιγίνε-

169 2404 310 2467 ται),
349 2397 473 2450 ἀλλ’
507 2398 643 2465 ὑπὲρ
673 2398 848 2453 αὐτοῦ
875 2404 977 2453 τοῦ
1015 2397 1158 2453 εἶναι
1185 2401 1278 2452 καὶ
1304 2404 1501 2466 ψυχῶν
1524 2402 1639 2451 τῶν
1662 2396 1856 2468 ἡμετέ-

172 2503 288 2552 ρων
327 2480 419 2550 (οὐ
444 2480 551 2551 γάρ
581 2482 667 2535 ἐπὶ
706 2483 891 2550 ῥητοῖς
926 2488 1057 2537 ποτὲ
1094 2485 1391 2554 λῃστρικὸς
1418 2482 1571 2552 ἔληξε
1598 2484 1856 2552 πόλεμος,

173 2564 309 2619 οὐδὲ
350 2567 665 2618 ἔνσπονδον
704 2569 827 2634 ἔσχε
864 2568 966 2636 τὴν
1004 2567 1295 2636 τελευτήν,
1345 2565 1469 2620 ἀλλ’
1508 2565 1543 2635 ἢ
1581 2576 1856 2632 περιεῖναι

172 2652 519 2717 κρατοῦντας
543 2645 579 2717 ἦ
605 2651 878 2703 τεθνάναι
905 2650 1145 2714 ἁλόντας
1171 2651 1532 2718 ἀναγκαῖον),
1570 2648 1718 2702 οὕτω
1744 2658 1859 2712 τοῖς
1886 2665 1916 2699 3(

175 2734 454 2802 ἐχθίστοις
490 2735 676 2802 ψυχήν
714 2754 771 2786 τε
810 2734 921 2802 ἅμα
961 2735 1052 2788 καὶ
1092 2739 1250 2804 σῶμα
1276 2736 1611 2804 τεθηγμένοι
1650 2735 1856 2802 συμπί-

172 2837 413 2886 πτωμεν.
789 2814 795 2817 ’
