1916 3132
124 61 144 79 .„
163 61 291 151 ‘²124
325 66 350 98 ‘j
683 68 771 86 ”
822 57 1246 152 ΠΕΞΜΠΤόΝλ

182 237 257 300 ὥς
281 236 410 306 μεθ’
443 237 686 303 ἑσπέραν
719 242 962 307 βαθεῖαν
1000 232 1170 304 αὖθις
1206 242 1520 310 ἐπιβαίνειν
1557 242 1744 313 δεήσει
1777 252 1876 315 τῆς

183 322 440 386 ὁλκάδος.
483 327 597 377 τῶν
624 324 685 377 δὲ
706 323 767 378 τὸ
797 325 1090 393 αἰφνίδιον
1114 325 1522 394 θαυμαζόντων
1542 327 1635 380 καὶ
1659 325 1764 396 τὴν
1789 329 1876 382 αἰ-

168 411 307 460 τίαν
343 410 812 478 πυνθανομένων,
850 407 1208 479 ὑπερεθέμην
1246 412 1501 473 εἰσαῦθις
1546 410 1724 480 ἐρεῖν,
1765 415 1878 466 νῦν

183 493 244 545 δὲ
283 490 430 545 οὕτω
467 495 792 561 πραχθῆναι
830 493 1143 562 συμφέρειν
1180 496 1392 562 ἔλεγον.

97 577 227 666 22]
295 574 415 630 ἐπεὶ
442 576 502 628 δε
531 578 766 629 δείπνου
793 578 933 645 πρὸς
949 574 1142 645 ὀλίγον
1167 569 1729 656 μεταλαβόντεςῆείς“
1693 597 1876 634 υπνον
1904 597 1916 631 ε

35 724 37 727 ¹
72 632 521 730 Μέτράπημεν,
563 659 703 730 ὄναρ
742 664 842 757 μοί
874 682 957 738 τις
990 662 1307 732 πρεσβύτης
1347 665 1629 733 ἐφαίνετο,
1668 663 1735 718 τοὶ
1772 665 1876 734 μὲν

0 687 91 787 ΨΥ
183 744 328 798 ἄλλα
355 721 781 814 κατεσκληκώς,
787 734 1133 828 ἐπιγουνίδα
1143 740 1493 822 δὲᾳείψανον
1508 751 1605 816 τῆς
1630 749 1701 818 ἐφ
1709 747 1876 818 ’ἡλι-

182 831 308 891 κίας
335 830 535 903 ἰσχύος)
551 829 970 899 οἷνεσταλμένου
990 835 1091 884 τοῦ
1117 831 1361 899 ζώματος
1385 828 1742 909 ὑποφαίνων,
1769 853 1874 886 κυ-

182 917 292 982 νῆν
317 933 421 981 μεν
446 917 543 982 τῆς
569 918 816 983 κεφαλῆς
853 914 1226 984 ἐπικείμενος,
1257 914 1530 984 ἀγχίνουν
1557 915 1679 969 δὲ’“’
1643 937 1756 986 αμα
1781 916 1876 970 καὶ

181 998 542 1067 πολύτροπον
568 999 1110 1067 περισκοπούμενος,
1139 1000 1232 1051 και
1258 992 1379 1052 οἷον
1407 1001 1470 1053 ἐκ
1493 1004 1708 1070 πληγῆς
1725 999 1877 1064 τινὸς
1906 1018 1916 1052 1

181 1080 387 1176 μηρὸν
399 1082 672 1147 σκαζοντα
715 1086 1030 1150 παρέλκων.
1096 1082 1406 1152 πλησιασας
1433 1082 1503 1184 δή
1528 1103 1622 1151 μοι
1663 1085 1756 1138 καὶ
1781 1099 1875 1139 σε-

184 1151 442 1236 67296g⁴u
468 1167 788 1235 μειδιάσας,
830 1168 872 1219 ὠ
899 1167 1208 1236 θαυμασιε,
1251 1169 1385 1236 ἔφη,
1426 1166 1498 1220 σὺ
1524 1169 1592 1237 δὴ
1618 1170 1789 1250 μόνος
1815 1169 1876 1223 ἐν

183 1249 415 1313 οὐδενὸς
441 1251 615 1318 λόγου
641 1251 796 1319 μέρει
823 1252 1070 1304 τέθεισαι
1096 1252 1163 1305 τὰ
1190 1249 1324 1304 καθ’
1350 1249 1525 1321 ἡμᾶς,
1561 1250 1718 1305 ἀλλὰ
1708 1253 1876 1308 πάν-

182 1355 296 1388 των
336 1333 459 1387 όσοι
498 1335 564 1403 δὴ
605 1333 708 1403 τὴν
745 1336 1135 1404 Κεφαλλήνων
1173 1337 1591 1404 παρέπλευσαν,
1633 1319 1792 1390 οἷκον
1815 1357 1875 1391 τε

183 1417 281 1471 τὸν
329 1415 597 1522 ημέτερον
648 1419 1111 1487 ἐπισκεψαμένων
1161 1439 1254 1472 και
1302 1418 1473 1484 δόξαν
1517 1425 1732 1489 γνῶναι
1767 1419 1872 1490 τήν
1902 1439 1916 1473 1

181 1502 456 1572 ἡμετέραν
493 1502 554 1556 ἐν
590 1504 810 1573 σπουδῇ
845 1490 1146 1572 θεμένων)
1169 1499 1339 1587 αὐτός
1374 1504 1552 1567 οὕτως
1575 1503 1876 1598 ὀλιγώρως

186 1590 421 1656 ε’σχηκας
447 1585 521 1649 ὠς
546 1588 684 1655 μηδε
710 1590 874 1640 τοῦτο
900 1585 966 1656 δη
991 1586 1053 1640 τὸ
1076 1587 1277 1657 κοινὸν
1283 1565 1731 1667 προσειπεῖν,<ἐκ
1756 1608 1873 1657 γει-

184 1669 368 1724 τόνων
405 1671 498 1723 καὶ
532 1675 708 1723 ταῦτα
745 1672 1041 1724 οἰκοῦντα.
1031 1673 1277 1741 'stotyoc'p
1304 1692 1390 1726 τοι
1415 1671 1630 1726 τούτων
1654 1669 1876 1743 ὑφέξεις

185 1754 290 1808 οὐκ
330 1757 407 1818 είς
440 1753 661 1822 μακρὰν
697 1753 798 1824 τὴν
837 1756 1000 1824 δίκην
1026 1756 1120 1808 καὶ
1146 1761 1260 1809 τῶν
1287 1754 1496 1824 ὁμοίων
1524 1755 1647 1825 ἐμοὶ
1671 1760 1875 1810 παθῶν

186 1839 460 1909 αἰσθήσῃ,
487 1839 750 1941 θαλαττη
761 1860 819 1893 τε
842 1838 953 1906 ἅμα
980 1840 1071 1892 καὶ
1093 1843 1165 1908 γῇ
1190 1843 1474 1908 πολεμίοις
1496 1841 1873 1909 ἐντυγχανων.
1904 1859 1916 1891 ε

184 1921 286 1993 τὴν
292 1924 491 2015 κόρην
518 1924 578 1977 δὲ
604 1923 678 1992 ὴν
713 1923 892 1992 α’γεις,
933 1921 1080 1992 παρὰ
1118 1927 1214 1991 τῆς
1255 1923 1386 1991 ἐμῆς
1419 1929 1662 2000 γαμετῆς
1694 1927 1874 1999 πρόσ-

188 2026 332 2061 ειπε·
372 2010 587 2107 χαίρειν
612 2006 715 2075 γαρ
741 2007 883 2078 αὐτῇ
910 2011 1076 2112 φησί,
1106 2008 1248 2060 διότι
1271 2008 1498 2060 πάντων
1526 1998 1875 2076 ἐπίπροσθεν

186 2090 310 2159 ἄγει
405 2111 439 2143 ν
465 2092 864 2162 σωφροσύνην,
894 2091 984 2145 καὶ
1012 2093 1167 2163 τέλος
1195 2089 1338 2162 αὐτῇ
1365 2089 1551 2157 δεξιόν
1579 2090 1874 2160 εὐαγγελί-

185 2180 344 2242 ζεται.
336 2110 706 2276 TZavastfx'myv
741 2175 854 2229 ὑπὸ
893 2181 990 2245 τῆς
1026 2170 1204 2240 όψεως
1230 2166 1592 2245 παλλόμενος.
1653 2176 1746 2229 καὶ
1770 2178 1873 2229 τοῦ

189 2260 504 2327 Θεαγένους
541 2258 570 2311 6
604 2279 656 2312 τι
690 2263 949 2314 πέπονθα
978 2260 1277 2330 ἐρομένου,
1313 2232 1489 2328 τάχαέ
1518 2263 1691 2329 ἔφην,
1731 2258 1916 2324 cozbi-2

188 2334 548 2445 σθημενἾτῆς
594 2341 914 2415 αναγωγῆς,
977 2346 1068 2397 καὶ
1125 2344 1506 2414 τεθορύβημαι
1553 2342 1876 2411 ἄφυπνίσας

187 2426 326 2497 πρὸς
362 2424 465 2496 τὴν
503 2430 747 2481 ἔννοιαν.
813 2427 938 2482 αλλ’
969 2427 1133 2491 αὐτός
1168 2447 1227 2481 τε
1265 2426 1473 2482 ἀνίστω
1512 2428 1605 2480 καὶ
1643 2426 1709 2479 τοὶ
1736 2425 1873 2480 ὄντα

189 2511 560 2578 συσκευαζου,
620 2511 723 2580 τὴν
781 2513 1123 2579 Χαρίκλειαν
1180 2532 1238 2565 τε
1288 2510 1397 2580 ἐγώ
1457 2510 1872 2579 μετελεύσομαι.

189 2599 380 2664 παρῆν
405 2593 438 2664 ἡ
467 2605 613 2658 παῖς
615 2597 760 2665 ἐμοῦ
786 2600 951 2650 τοῦτο
980 2596 1373 2666 σημήναντοςῖῃ
1364 2593 1549 2648 vual‘
1522 2616 1551 2649 ο
1578 2592 1873 2676 Τυρρηνὸς

188 2681 528 2748 αἰσθόμενος
575 2680 835 2749 διανέστη
883 2681 976 2734 καὶ
1033 2680 1095 2733 τὸ
1154 2680 1453 2748 γινόμενον
1501 2671 1870 2733 ἐπυνθανετο.
1900 2693 1916 2728 3

189 2762 363 2832 καγώ,
391 2761 452 2818 τὸ
481 2765 585 2832 μὲν
609 2764 911 2838 γινόμενόν
940 2767 1113 2834 ἐστιν,
1142 2767 1354 2832 ἔλεγον,
1392 2763 1425 2832 ἡ
1452 2761 1519 2832 σὴ
1550 2761 1869 2830 συμβουλή·

188 2850 486 2916 διαδρᾶναι
513 2848 838 2915 πειρώμεθα
875 2847 1005 2911 τούς
1033 2847 1519 2918 ἐπιβουλεύοντας.
1579 2843 1651 2899 σύ
1681 2845 1741 2898 δὲ
1769 2843 1873 2898 αύ-
