1916 3132
775 137 1156 187 AEYTEPON
1745 133 1814 187 73

115 285 230 336 τῶν
250 278 644 350 σμαραγδείων
669 275 964 345 μετάλλων
990 271 1064 337 ὥς
1089 275 1364 345 Αἰθιοπίᾳ
1390 273 1812 343 προσηκόντων.
1895 341 1913 346 ν

115 363 475 435 ὑπέστρεφον
502 360 748 427 ἀνιαραῖς
773 359 920 429 ἄγαν
947 361 1259 427 διατεθείς,
1287 358 1382 411 καὶ
1409 356 1599 427 ὥσπερ
1627 358 1688 410 οἱ
1705 360 1816 426 βα-

118 448 278 520 ρεῖάν
314 467 442 502 τινα
479 444 701 516 πληγὴν
739 444 1061 515 εἰληφότες,
1116 443 1200 497 ὅτι
1239 443 1310 512 δή
1356 462 1451 512 μοι
1487 443 1704 510 γνῶναι
1741 440 1814 511 μὴ

118 534 398 603 ἐξεγένετο
436 532 503 586 τά
536 530 678 586 κατὰ
712 531 817 601 τὴν
851 530 1047 600 κόρην,
1084 531 1167 590 τίς
1200 526 1238 598 ἢ
1273 528 1456 582 πόθεν
1491 522 1528 596 ἢ
1562 529 1753 580 τίνων.

67 639 88 672 5
222 616 297 687 μὴ
334 615 652 687 θαυμάσῃς,
693 611 851 670 εἶπεν
889 612 918 668 6
955 615 1233 683 Κνήμων·
1276 608 1684 682 ἀσχάλλωγγάρ
1724 609 1818 663 καὶ
1896 626 1904 632 ·

118 701 286 766 αὐτὸς
335 701 440 755 οὐκ
492 699 757 764 ἀκούσας.
831 698 957 754 ἀλλ’
997 703 1131 761 ἴσως
1178 693 1503 766 ἀκούσομαι.
1579 693 1815 765 ἀκούσῃ,

117 790 226 858 ἔφη
254 785 282 841 6
307 786 638 856 Καλάσιρις·
678 775 812 839 νυνὶ
840 785 902 839 δὲ
939 782 1080 853 ἅπερ
1108 783 1230 852 ἑξῆς
1257 783 1556 851 ἐπέραινεν
1583 779 1612 834 6
1637 785 1813 850 Χαρι-
1832 782 1903 836 33

117 877 256 948 ogljg
275 914 291 942 ‚
333 870 630 945 εἰρήσεται.
707 868 898 939 ἐπειδὴ
926 869 1065 939 γάρ,
1094 870 1290 938 φησίν,
1333 869 1411 930 εἰς
1434 862 1498 920 τὸ
1534 866 1817 936 δωμάτιον

117 950 301 1028 ἦλθον
315 997 330 1026 ,
376 954 600 1027 ὑπαντᾷ
647 956 711 1009 τέ
744 975 839 1026 μοι
881 952 910 1025 ἡ
947 963 1107 1023 παῖς,
1157 954 1248 1007 καὶ
1289 955 1446 1021 ἔλεγε
1483 953 1587 1020 μὲν
1627 948 1815 1017 οὐδέν,

47 1072 87 1107 10
117 1039 274 1096 οὔπω
299 1045 398 1111 τῆς
424 1040 690 1103 Ἑλλάδος
722 1049 982 1094 συνιεῖσα
1018 1041 1238 1108 φωνῆς,
1279 1034 1390 1091 ἀπὸ
1415 1037 1477 1090 δὲ
1512 1040 1610 1106 τῆς
1635 1032 1820 1105 χειρὸς

115 1124 394 1196 ἠσπάζετο
406 1167 422 1195 ,
462 1129 563 1179 καί
593 1145 661 1194 με
695 1126 836 1193 πρὸς
869 1124 931 1178 τὸ
960 1123 1341 1193 φαιδρότερον
1367 1119 1613 1191 ὀφθεῖσα
1638 1119 1818 1189 μόνον

117 1209 358 1281 ἀνίησιν.
426 1210 748 1278 ἐθαύμαζόν
773 1229 833 1262 τε
860 1207 970 1277 ὅτι,
999 1208 1260 1276 καθάπερ
1289 1207 1348 1260 οἰ
1368 1204 1575 1275 ἀγαθοὶ
1601 1205 1694 1258 καὶ
1724 1202 1819 1258 εὐ-

117 1305 300 1365 γενεῖς
326 1298 440 1349 τῶν
474 1294 779 1348 σκυλάκων
805 1293 989 1347 πάντα
1023 1290 1150 1346 τινά
1178 1292 1271 1344 καὶ
1300 1289 1389 1345 ἐπ’
1420 1289 1615 1359 ὀλίγον
1641 1289 1819 1358 ἐγνω-

118 1381 328 1451 σμένον
367 1383 688 1448 σαίνουσιν,
729 1377 876 1432 οῧτω
916 1376 1148 1447 κάκείνη
1188 1379 1284 1445 τῆς
1312 1377 1450 1445 ἐμῆς
1483 1375 1614 1444 περὶ
1640 1371 1818 1444 αὐτὴν

47 1486 88 1522 15
119 1463 344 1528 εὐνοίας
371 1462 536 1529 ὀξέως
560 1463 772 1534 ᾔσθετο
798 1462 892 1516 καὶ
918 1459 992 1525 ὥς
1026 1463 1238 1532 πατέρα
1264 1470 1571 1530 περιεῖπεν.
1637 1461 1820 1528 ἔγνων

118 1540 226 1604 οὖν
260 1548 334 1619 μὴ
374 1550 752 1619 ἐνδιατρίβειν
785 1557 902 1610 τοῖς
934 1547 1348 1614 Καταδούποις,
1388 1544 1462 1615 μὴ
1503 1543 1571 1614 δή
1607 1563 1690 1606 τις
1725 1543 1820 1597 καὶ

118 1636 386 1703 δαίμονος
422 1636 704 1702 βασκανία
741 1637 839 1701 τῆς
885 1633 1150 1700 δευτέρας
1193 1651 1257 1699 με
1293 1627 1580 1699 θυγατρὸς
1617 1628 1820 1698 στερή-

120 1734 263 1787 σειε,
304 1719 400 1772 καὶ
426 1718 519 1772 διὰ
543 1721 645 1771 τοῦ
673 1719 888 1771 Νείλου
914 1717 1160 1785 κατάρας
1187 1715 1278 1769 ἐπὶ
1303 1713 1605 1768 θάλαττανΞ
1623 1714 1820 1767 ἐπιτυ-

118 1803 237 1874 χών
275 1823 335 1857 τε
371 1802 529 1868 νεωςῖ
549 1801 840 1872 ἀνηγόμην
877 1802 980 1871 τὴν
1021 1799 1112 1854 ἐπ’
1138 1805 1318 1854 οἴκου.
1381 1797 1474 1853 καὶ
1503 1802 1620 1852 ἔστι
1645 1795 1815 1867 νῦνή

50 1909 93 1943 20
123 1898 254 1952 παῖς
281 1888 530 1943 ἐνταῦθα
558 1886 668 1942 σύν
697 1888 850 1956 ἐμοί,
888 1895 1017 1949 παῖς
1053 1887 1156 1956 μὲν
1194 1880 1339 1939 οὖσα
1378 1884 1480 1955 ἐμὴ
1520 1885 1615 1937 καὶ
1641 1882 1820 1952 ὄνομα

118 1971 328 2044 τούμὸν
368 1971 770 2042 ὀνομαζομένη·
827 1973 1047 2025 σαλεύω
1086 1969 1194 2040 γὰρ
1236 1969 1327 2024 ἐπ’
1368 1969 1512 2040 αὐτῇ
1550 1967 1651 2022 τὸν
1676 1971 1819 2037 βίον.

119 2059 214 2111 καὶ
240 2060 357 2112 ἔστι
381 2056 450 2111 τά
475 2058 579 2127 μὲν
607 2056 752 2110 ἄλλα
776 2058 870 2110 καὶ
893 2055 1060 2125 εὐχῆς
1085 2058 1380 2125 κρείττων·
1421 2053 1566 2108 οὕτω
1593 2053 1823 2122 τάχιστα

119 2143 223 2213 μὲν
259 2140 623 2212 τὴνἙλλάδα
660 2145 917 2211 γλῶτταν
946 2142 1201 2207 εἵλκυσε,
1242 2140 1473 2210 τάχιστα
1508 2139 1569 2191 δὲ
1607 2139 1684 2202 εἰς
1719 2136 1823 2191 ἀκ-

120 2226 233 2298 μὴν
259 2225 521 2296 καθάπερ
549 2229 711 2296 ἔρνος
729 2246 782 2279 τι
808 2230 924 2280 τῶν
952 2224 1218 2279 εὐθαλῶν
1240 2224 1573 2294 ἀνέδραμεν.
1615 2221 1823 2293 εὸραιό-

49 2332 93 2365 25
122 2331 244 2382 τητι
272 2312 334 2364 δὲ
361 2311 616 2381 σώματος
653 2311 801 2365 οὕτω
829 2312 900 2380 δή
936 2330 1023 2365 τοι
1047 2309 1145 2374 τάς
1181 2312 1367 2374 πάσας
1404 2307 1824 2379 ὑπερβέβληκεν

36 2388 38 2390 ’
121 2394 266 2451 ὥστε
292 2399 400 2460 πᾶς
436 2394 732 2467 ὀφθαλμὸς
761 2393 1085 2466 Ἑλληνικός
1117 2415 1177 2449 τε
1203 2395 1297 2449 καὶ
1333 2395 1490 2459 ξένος
1526 2392 1615 2448 ἐπ’
1645 2389 1824 2460 αὐτὴν

39 2490 42 2492 ’
122 2483 385 2551 φέρεται,
412 2482 507 2535 καὶ
534 2478 749 2550 ὁπουδή
779 2482 1094 2550 φαινομένη
1130 2484 1288 2533 ναῶν
1311 2475 1348 2548 ἢ
1375 2478 1603 2547 δρόμων
1628 2474 1664 2547 ἢ
1691 2475 1823 2545 ἀγο-

124 2568 270 2634 ρῶν,
308 2566 569 2634 καθάπερ
606 2564 1172 2635 ἀρχέτυπονζᾶγαλμα
1199 2573 1390 2620 πᾶσαν
1417 2563 1551 2627 ὄψιν
1578 2561 1672 2615 καὶ
1699 2561 1820 2614 διά-

122 2669 288 2704 νοιαν
325 2649 417 2720 ἐφ’
456 2649 661 2721 ἑαυτὴν
709 2651 1048 2719 ἐπιστρέφει.
1126 2646 1249 2702 ἀλλ’
1292 2647 1433 2717 αὕτη
1472 2647 1704 2715 τοιαύτη
1742 2665 1824 2707 τις

53 2751 97 2787 30
131 2725 272 2787 οὖσα
299 2737 470 2788 λυπεῖ
489 2755 557 2805 με
584 2734 771 2805 λύπην
798 2734 1048 2789 ἀνίατον.
1106 2732 1489 2803 ἀπηγόρευται
1515 2730 1651 2798 παρ’
1681 2727 1824 2798 αὐτῇ

125 2819 326 2887 γάμος,
374 2820 470 2872 καὶ
520 2820 901 2890 παρθενεύειν
938 2817 1040 2872 τὸν
1077 2819 1261 2872 πάντα
1298 2820 1429 2887 βιόν
1468 2817 1821 2878 διατείνεται,

134 2903 230 2958 καὶ
266 2907 335 2974 τῇ
368 2902 640 2974 Ἀρτέμιδι
678 2901 1161 2974 ζάκορονῖἑαυτὴν
1202 2896 1487 2956 ε’πιδοῦσαῐ
1513 2899 1718 2968 θήραις
1755 2896 1822 2949 τὰ
1909 2898 1916 2914 ¹
