1916 3132
142 108 211 160 26
843 110 1141 159 ΠΡΩΤΟΝ

142 250 440 316 γεγονυίας
464 245 500 317 ἢ
527 246 826 316 χρημάτων
847 245 1032 316 ἀφιεὶς
1057 246 1092 317 ἢ
1118 251 1216 316 τῆς
1241 246 1408 317 τύχης
1432 247 1606 317 μόνης
1632 250 1838 302 οἰκτεί-

144 353 290 402 ρων,
329 333 429 395 τὰς
466 332 527 386 δὲ
568 332 863 400 ἐλάττους,
902 334 994 384 καὶ
1033 328 1099 395 ὁὶς
1125 332 1423 385 δουλεύειν
1449 333 1551 402 οὐχ
1576 330 1608 402 ἡ
1638 334 1835 402 αἰχμα-

144 421 321 470 λωσία
346 419 561 485 μᾶλλον
588 415 714 468 ἀλλ’
742 414 774 485 ἡ
812 417 1091 484 συνήθεια
1118 416 1522 486 κατηνάγκαζε,
1560 424 1836 484 θεραπαί-

142 522 244 564 νας
270 501 520 564 ἑκάστοις
546 502 847 569 διανέμων.
907 498 967 552 τὸ
995 501 1056 554 δὲ
1084 505 1193 553 νῦν
1218 499 1400 567 παρὸν
1425 502 1486 554 ἕν
1512 523 1565 554 τι
1591 506 1706 554 τῶν
1732 505 1836 554 λα·-

141 585 348 655 φύρων
374 588 509 639 αἰτῶ
546 584 677 652 παρ’
708 584 890 653 ὑμῶν,
919 583 1021 654 τήν
1048 585 1224 654 κόρην
1251 575 1484 660 ταυτηνὶ
1519 584 1621 655 τὴν
1649 586 1833 655 ξένην,
1865 605 1884 637 5

141 669 216 739 ἣν
243 669 490 723 δυνατὸν
518 670 738 739 ἐμαυτῷ
775 690 842 739 με
879 671 1107 738 δοῦναι,
1149 670 1371 738 βέλτιον
1409 660 1560 737 παρά
1587 674 1689 724 τοῦ
1715 690 1835 724 κοι-

139 759 250 809 νοῦ
279 759 474 824 λαβεῖν
500 752 764 824 ἡγοῦμαι·
823 755 915 807 καὶ
954 755 1060 822 γὰρ
1102 751 1302 822 εὔηθες
1338 753 1443 823 τήν
1481 756 1835 824 αἰχμάλωτον

139 843 514 909 βιασάμενον,
564 838 820 892 ἀκόντων
868 859 920 890 τι
976 842 1089 891 τῶν
1128 842 1312 907 φίλων
1361 843 1669 909 φαίνεσθαι
1707 842 1834 892 δια-

139 924 542 993 πραττόμενον.
619 922 760 975 ἀλλά
810 924 903 975 καὶ
949 924 1159 992 ταύτην
1207 925 1344 976 αἰτῶ
1392 924 1528 991 παρ’
1568 921 1727 992 ὑμῶν
1767 921 1832 976 οὐ

140 1019 346 1077 προῖκα
399 1006 503 1076 τὴν
558 1009 749 1076 χάριν,
818 1006 943 1060 ἀλλ’
997 1005 1259 1069 ἀντιδοὺς
1313 1006 1374 1060 τὸ
1435 1009 1612 1077 μηδὲν
1667 1006 1835 1072 αὐτὸς
1866 1025 1904 1059 ιο

139 1098 254 1147 τῶν
303 1090 489 1146 ἄλλων
543 1096 641 1161 τῆς
694 1094 845 1155 λείας
891 1095 1240 1161 μεταλαβεῖν.
1331 1091 1525 1161 ἐπειδὴ
1571 1091 1679 1160 γὰρ
1730 1091 1833 1162 τὴν

140 1179 436 1246 πάνδημον
471 1177 807 1246 Ἀφροδίτην
858 1175 919 1229 τὸ
959 1176 1311 1245 προφητικὸν
1361 1175 1607 1244 ἀτιμάζει
1653 1179 1831 1245 γένος,

140 1262 209 1316 ού
250 1267 346 1332 τῆς
398 1261 531 1315 καθ’
576 1259 787 1331 ἡδονὴν
842 1265 1029 1330 χρείας
1087 1259 1228 1314 ἀλλὰ
1276 1265 1374 1329 τῆς
1431 1263 1509 1323 εἰς
1564 1259 1832 1330 διαδοχὴν

51 1347 123 1400 20
141 1348 351 1416 σπορᾶς
406 1347 574 1416 τήνδε
634 1346 854 1416 ἐμαυτῷ
910 1346 1175 1414 γενέσθαι
1232 1345 1625 1416 διεσκεψάμην.
1722 1344 1830 1414 ἐγώ

139 1434 201 1486 δὲ
264 1434 356 1485 καὶ
417 1430 513 1493 τας
583 1433 762 1494 αἰτίας
822 1429 959 1498 ὑμῖν
1031 1429 1480 1498 ἀπολογίσασθαι
1539 1431 1840 1499 βούλομαι.Υ
1863 1446 1902 1480 15

139 1522 369 1585 πρῶτον
429 1516 531 1584 μὲν
600 1513 834 1584 εὐγενὴς
898 1511 1047 1568 εἶναί
1113 1535 1206 1582 μοι
1267 1516 1437 1568 δοκεῖ.
1534 1517 1830 1582 τεκμαίρο-

137 1621 234 1671 μαι
275 1601 335 1652 δὲ
373 1603 451 1670 τῷ
487 1619 546 1652 τε
585 1598 727 1668 ἀμφ’
769 1597 944 1668 αὐτὴν
984 1598 1275 1666 εὑρεθέντι
1314 1599 1565 1670 πλούτῳ,
1616 1600 1709 1651 καὶ
1747 1596 1831 1652 ὅτι

139 1684 279 1754 πρὸς
325 1683 422 1745 τὰς
467 1683 756 1751 παρούσας
805 1681 874 1735 οὐ
912 1686 1167 1735 πέπτωκε
1205 1682 1527 1751 συμφοράς,
1579 1681 1721 1736 ἀλλὰ
1767 1681 1830 1735 τὸ

138 1771 401 1839 φρόνημα
428 1766 567 1834 πρὸς
592 1764 696 1836 τὴν
726 1766 781 1830 ἐξ
808 1766 977 1834 ἀρχῆς
997 1764 1266 1834 ἀναφέρει
1283 1769 1474 1835 τύχην.
1517 1769 1704 1819 ἔπειτα
1725 1764 1831 1836 τήν
1887 1819 1893 1823 ,

135 1851 324 1923 ψυχὴν
351 1851 574 1920 ἀγαθήν
601 1871 659 1903 τε
693 1852 785 1903 καὶ
821 1851 1092 1918 σώφρονα
1129 1852 1483 1918 στοχάζομαι·
1525 1852 1576 1902 εἰ
1595 1849 1704 1918 γὰρ
1733 1850 1825 1904 εὐ·
1859 1867 1900 1901 20

135 1940 351 2008 μορφίᾳ
388 1939 603 1988 νικῶσα
641 1933 736 1997 τὰς
786 1936 997 2002 πάσας,
1051 1936 1205 1987 αἰδοῖ
1246 1939 1348 1986 τοῦ
1386 1934 1698 2002 βλέμματος
1735 1935 1829 1988 καὶ

137 2019 268 2086 τούς
295 2018 542 2091 ὁρῶντας
569 2020 926 2072 καταστέλλει
952 2017 1092 2084 πρὸς
1117 2017 1178 2070 τὸ
1214 2019 1576 2087 σεμνότερον,
1614 2022 1731 2081 πῶς
1757 2017 1827 2072 ού

135 2105 239 2177 τὴν
260 2108 526 2175 βελτίονα
553 2103 681 2171 περὶ
703 2100 870 2170 αὑτῆς
899 2103 1123 2164 εἰκότως
1151 2106 1451 2172 παρίστησι
1478 2106 1829 2171 φατζτα-σ-ίᾳνς

137 2188 169 2245 ὃ
203 2192 264 2244 δὲ
299 2178 560 2259 μέγιστόν
599 2188 714 2240 ἐστι
752 2191 865 2240 τῶν
902 2189 1231 2255 εἰρημένων,
1276 2180 1638 2254 ίέρειαβθεῶν
1676 2186 1828 2250 τινὸς

138 2271 287 2329 εἷναί
308 2293 401 2343 μοι
427 2275 712 2340 φαίνεται·
751 2270 852 2340 τὴν
879 2275 1021 2339 γοῦν
1046 2269 1202 2341 ίεράν
1220 2271 1427 2340 στολὴν
1455 2273 1548 2324 καὶ
1574 2269 1640 2323 τὰ
1663 2273 1825 2341 στέμ-
1855 2289 1897 2322 25

138 2379 281 2429 ματα
318 2363 575 2425 μεθεῖναι
614 2355 706 2408 καὶ
747 2358 1105 2423 δυστυχοῦσα
1144 2354 1334 2409 δεινὸν
1373 2353 1466 2408 καὶ
1494 2353 1563 2408 οὐ
1589 2355 1827 2423 θεμιτὸν

49 2444 117 2496 21
137 2442 366 2513 ἡγεῖται.
427 2443 508 2503 τίς
545 2433 652 2493 οὖν
686 2439 889 2507 γένοιτ’
922 2438 1013 2506 ἄν,
1044 2433 1090 2493 οἷ
1115 2441 1414 2507 παρόντες,
1450 2439 1625 2508 γάμος
1650 2438 1825 2508 ἁρμο-

137 2529 402 2595 διώτερος
427 2528 527 2577 τοῦ
562 2527 915 2592 προφητικοῦ
939 2525 1043 2594 τὴν
1083 2525 1390 2593 ἱερωμένην
1415 2526 1823 2593 λαμβάνοντος;

247 2610 652 2710 ἐπευφήμησαν
691 2607 960 2708 ἅπαντες,
1001 2609 1092 2661 καὶ
1130 2618 1327 2676 γαμεῖν
1355 2607 1447 2661 ἐπ’
1475 2609 1677 2670 αἰσίοις
1703 2608 1825 2661 ἐκέ-

139 2700 326 2751 λευον.
394 2692 425 2746 ὃ
463 2694 522 2745 δε
562 2688 863 2760 ἀναλαβων
901 2692 998 2745 τὸν
1037 2692 1225 2760 λόγον,
1265 2689 1399 2759 ὑμιν
1436 2691 1540 2759 μὲν
1577 2694 1682 2759 ἔχω
1719 2711 1824 2760 την
1853 2709 1895 2744 30

138 2782 321 2849 χάριν,
363 2781 492 2845 ἔφη·
535 2777 718 2829 εἰκότα
752 2774 802 2827 δ’
837 2775 906 2828 ἂν
933 2786 1206 2845 ποιοῖμεν,
1247 2779 1300 2829 εί
1333 2775 1426 2828 και
1462 2772 1824 2878 1:⁷11thva

138 2862 289 2926 ὅπως
316 2865 426 2931 ἔχει
465 2859 602 2928 πρὸς
639 2865 802 2913 τοῦτο
832 2881 927 2929 της
958 2860 1126 2930 κόρης
1161 2857 1454 2930 μάθοιμεν.
1507 2864 1554 2912 εἰ
1585 2859 1689 2928 μὲν
1714 2879 1822 2929 γαρ

1409 3093 1440 3108 A

1439 3114 1459 3129 0
