1916 3132
618 0 633 20 r
652 0 703 28 Ἰ·
745 0 767 22 ι

796 138 1082 187 ΟΓΔΟΟΝ
1686 134 1792 188 233

92 273 168 340 ὥς
193 279 357 331 τοῦτο
386 277 479 331 καὶ
504 279 722 347 μᾶλλον
743 274 914 344 αὐτῆς
949 278 1175 345 βεβαιοῖ
1200 274 1304 344 τὴν
1339 277 1716 345 φαρμακείαν,
1755 267 1792 346 ᾗ

30 415 38 418 ,.
89 366 365 416 τοσοῦτον
391 365 642 432 περίεστι
677 365 774 430 τῆς
807 364 1062 430 γοητείας
1098 358 1172 423 ὠς
1199 360 1290 413 καὶ
1317 358 1459 429 πρὸς
1483 357 1585 429 τὴν
1612 358 1792 429 πυρὸς

90 447 338 517 δύναμιν
376 445 794 516 ἀπομάχεσθαι;
846 447 1179 514 συνέλθετε,
1233 447 1283 499 εί
1319 446 1501 513 δοκεῖ,
1551 441 1691 509 πρὸς
1726 442 1790 497 τὸ

90 533 393 602 συνέδριον
431 534 508 594 εἰς
544 531 747 600 αὔριον
785 533 1025 601 δημοσία
1062 530 1138 584 δι’
1167 528 1310 601 ὑμᾶς
1349 531 1649 599 ἐσόμενον·
1694 529 1789 582 καὶ

23 636 51 670 ἐ
86 618 381 688 γνώσεσθε
419 615 600 686 αὐτήν
637 636 696 670 τε
735 615 1144 685 ὁμολογοῦσαν,
1185 614 1279 668 καὶ
1314 613 1426 669 ὑπὸ
1451 618 1563 667 τῶν
1590 629 1789 668 συνει-

88 702 286 770 δότων,
327 698 427 766 οὓς
465 706 568 771 ἔχω
609 706 965 772 φρουροῦσα,
1017 702 1464 771 διελεγχομένην.
1540 698 1635 753 καὶ
1675 698 1787 769 ἅμα

33 854 35 858 Ι
87 787 303 858 ἀπῆγεν
329 785 507 857 αὐτὴν
533 791 609 859 τῷ
647 788 902 859 τραχήλῳ
942 767 1266 857 προσφῦσαζ
1307 790 1401 840 καὶ
1438 783 1571 847 τοῦς
1609 786 1784 854 δορυ-

87 875 302 943 φόρους
327 871 691 926 ἀναστέλλειν
711 874 814 926 τόν
840 863 1011 941 ὄχλον
1040 867 1362 935 ἐπιτάξασα.
1415 874 1474 925 οἳ
1497 871 1558 925 δὲ
1584 871 1786 939 τὰμὲν

85 957 445 1028 ἠγανάκτουν
470 958 563 1011 καὶ
589 955 972 1012 ἀνθίστασθαι
1009 958 1440 1025 διεσκοποῦντο,
1479 955 1548 1010 τὰ
1586 958 1650 1010 δὲ
1675 954 1787 1010 ὑπ-

33 1058 73 1094 10
91 1052 264 1111 εῖκον,
303 1041 413 1112 ἅμα
439 1062 491 1096 τι
517 1043 608 1096 καὶ
636 1047 704 1114 τῇ
730 1040 971 1112 ὑπονοίᾳ
996 1047 1092 1112 τῆς
1119 1045 1471 1111 φαρμακείας
1497 1041 1787 1112 ὑπαγόμε-

85 1149 194 1195 νοι,
234 1126 382 1190 τινες
418 1129 479 1181 δὲ
516 1129 608 1180 καὶ
644 1129 755 1181 δέει
790 1132 886 1197 τῆς
906 1126 1176 1198 Ἀρσάκης
1212 1130 1427 1197 καὶτῆς
1452 1130 1581 1197 περὶ
1607 1125 1787 1196 αὐτὴν

85 1213 378 1280 δυνάμεως
416 1210 880 1280 ἀποτρεπόμενοι.

141 1314 146 1321 ·
191 1299 284 1351 καὶ
320 1295 482 1367 ἡμὲν
508 1300 814 1366 Χαρίκλεια
853 1291 1023 1361 αὖθις
1058 1300 1135 1367 τῷ
1160 1295 1437 1367 Εὐφράτῃ
1474 1297 1786 1362 παραδίδο-

84 1403 191 1452 ται,
233 1381 325 1436 καὶ
353 1374 521 1445 αὖθις
547 1386 764 1436 πλείοσι
790 1392 905 1445 τοῖς
941 1384 1165 1451 δεσμοῖς
1202 1383 1552 1451 ἐνεβέβλητο,
1594 1379 1786 1435 δευτέ-

26 1481 155 1540 ίὸρᾳ
192 1471 374 1537 κρίσει
414 1469 503 1521 καὶ
544 1471 782 1538 τιμωρίᾳ
820 1470 1241 1537 φυλαττομένη,
1291 1468 1490 1534 κέρδος
1527 1469 1589 1521 ἓν
1626 1468 1783 1536 μέγι-

83 1569 219 1607 στον
246 1550 319 1616 ὠς
356 1552 418 1606 ἐν
447 1554 654 1615 δεινοῖς
689 1551 1079 1622 εὑρισκομένη,
1119 1551 1180 1605 τὸ
1219 1562 1479 1605 συνεῖναι
1518 1554 1785 1620 Θεαγένει

83 1638 176 1701 καὶ
213 1636 279 1691 τοὶ
320 1637 456 1690 καθ’
486 1635 664 1706 αὐτὴν
704 1637 1107 1705 ἐκδιηγεῖσθαι.
1172 1640 1240 1707 τῇ
1276 1638 1381 1706 μὲν
1406 1635 1513 1706 γὰρ
1539 1636 1783 1707 Ἀρσάκῃ

0 1747 3 1750 ’
82 1724 175 1776 καὶ
213 1726 378 1775 τοῦτο
418 1723 495 1785 είς
531 1725 804 1791 τιμωρίαν
844 1722 1200 1791 έπινενόητο,
1251 1721 1439 1790 ὥσπερ
1490 1723 1783 1791 ἐπικερτο-

81 1809 265 1876 μούσῃ
315 1807 407 1860 καὶ
448 1810 618 1860 πλέον
663 1807 964 1876 νομιζούσῃ
1016 1808 1148 1869 τοὺς
1197 1809 1362 1869 νέους
1399 1804 1683 1875 ἀνιάσειν,
1735 1808 1787 1859 εἰ

2 1891 219 1945 ‘macab’
269 1894 330 1946 ἓν
385 1892 769 1960 δεσμωτήριον
828 1894 1229 1960 καθειργμένοι
1283 1892 1485 1945 θεαταὶ
1532 1895 1782 1960 γίνοιντο

81 1973 343 2046 ἀλλήλων
383 1976 443 2030 ἐν
469 1978 695 2046 δεσμοῖς
730 1977 823 2029 καὶ
850 1977 1154 2031 κολάσεσιν
1182 1977 1615 2045 ἐξεταζομένων·
1658 1975 1784 2051 ᾔδει

80 2059 189 2130 γάρ
216 2059 494 2132 ρξς-πάθος
511 2065 612 2114 τοῦ
633 2059 1039 2147 ἐρωμένουὶτόν
1066 2062 1284 2131 ἐρῶντα
1303 2057 1530 2131 πλέονγῆ
1551 2059 1612 2115 τὸ
1632 2064 1783 2115 ἴδιον

81 2143 332 2214 ἀλγύνει.
397 2156 512 2210 τοῖς
549 2146 610 2200 δε
647 2148 719 2215 ῆν
758 2145 1060 2217 παραψυχὴ
1103 2151 1318 2217 μᾶλλον
1356 2141 1418 2199 τὸ
1455 2147 1780 2215 γινόμενον,

80 2231 174 2282 καὶ
199 2227 262 2284 τὸ
292 2230 356 2283 ε’ν
384 2229 596 2299 ὁμοίοις
621 2241 735 2294 τοῖς
761 2235 1011 2285 πάθεσιν
1039 2233 1624 2315 ἐξετάζεσθαιᾱκέρδος
1651 2231 1782 2286 ἐνό-
1859 2280 1861 2294 2

1753 2297 1810 2334 ’,ᾗ
1828 2308 1916 2333 ἶὶ-ίινο

0 2317 254 2384 ξῦμιζον,
296 2317 346 2368 εί
371 2317 604 2369 ἔλαττόν
639 2336 721 2378 τις
746 2316 935 2370 αὐτων
961 2294 1410 2422 κολασθῆσεταίξ
1440 2321 1780 2386 νενικῆσθαι
1813 2354 1908 2389 ⁸52:

0 2443 2 2445 .
81 2394 190 2452 ὑπὸ
226 2401 473 2477 θατέρου
511 2401 604 2453 καὶ
641 2390 1024 2489 μειονῖεκτεῖνὶ
1025 2423 1141 2455 των
1182 2403 1468 2471 ἐρωτικων
1486 2403 1875 2504 οίόμενοςὮτ
1880 2405 1901 2415 ”

81 2487 299 2553 προσῆν
327 2485 386 2536 δὲ
418 2486 511 2537 καὶ
531 2486 594 2538 τὸ
621 2490 987 2555 προσομιλεῖν
1014 2485 1295 2557 ἀλλήλοις,
1325 2487 1417 2540 καὶ
1443 2484 1505 2540 τὸ
1527 2506 1778 2555 παρηγο-

82 2576 204 2635 ρεῖν
240 2588 299 2621 τε
339 2570 431 2621 καὶ
460 2570 872 2638 ἐπιθαρσύνειν
911 2571 1154 2639 εὐγενως
1179 2593 1238 2626 τε
1266 2575 1358 2626 καὶ
1386 2575 1658 2640 γενναίως
1682 2591 1780 2633 τας

81 2653 542 2720 προσπιπτούσας
563 2657 730 2723 τύχας
750 2654 844 2707 καὶ
870 2677 1002 2719 τους
1027 2654 1171 2725 ὑπὲρ
1200 2659 1580 2727 σωφροσύνης
1605 2675 1663 2708 τε
1685 2658 1778 2707 και

0 2736 319 2800 ιῑίοπίστεως
355 2743 453 2807 τῆς
492 2741 568 2801 εἰς
604 2739 882 2809 ἀλλήλους
921 2742 1118 2810 φέρειν
1157 2741 1396 2810 άγωνας.

185 2819 364 2875 πολλὰ
385 2827 527 2891 γοῦν
553 2826 711 2894 μέχρι
737 2826 930 2893 πόρρω
958 2846 1071 2879 των
1092 2847 1318 2880 νυκτων
1345 2826 1608 2895 ἀλλήλοις
1634 2825 1768 2876 διει-
1797 2825 1864 2878 10

11 2951 14 2954 ,
81 2902 357 2973 λεγμένοι,
400 2907 493 2960 καὶ
526 2907 632 2961 ὅσα
667 2908 813 2973 εἰκὸς
837 2910 979 2979 ’τοῦς
1016 2910 1155 2965 κατά
1188 2909 1294 2975 τὴν
1329 2911 1509 2964 νύκτα
1534 2907 1636 2977 τὴν
1663 2926 1773 2961 πα-

945 2982 997 3002 μ.
