1916 3132
112 84 217 138 306
787 89 981 136 ΔΕΚΑ
989 89 1129 136 TON

113 222 180 276 τὰ
198 224 453 293 θύματα,
482 225 908 293 σφαγιασθέντα
945 226 1005 278 δὲ
1032 226 1124 278 και
1152 223 1546 295 ἀνατμηθέντα
1570 227 1676 296 τὴν
1701 226 1811 282 ἀπὸ

112 311 227 362 τῶν
265 295 604 376 σπλαγχνων
642 310 980 411 σημείωσιν
986 319 1100 372 τοῖς
1146 318 1430 379 μαντικοῖς
1467 306 1812 366 ὑποδείκνυ-
1871 322 1875 326 ’

113 412 471 545 φθέγγεσθαι
508 474 607 529 τὸν
646 474 827 539 ξένον.
893 476 1035 530 ἄλλα
1070 482 1274 539 τοῦτον
1300 478 1420 546 μέν,
1462 481 1514 532 εἰ
1537 472 1809 549 κελεύοις,

116 559 291 628 ἀγέτω
318 580 401 622 τις
428 560 519 613 ἐπὶ
545 557 678 624 τοὺς
703 560 952 630 βωμούς·
993 560 1065 615 σύ
1102 562 1180 629 δέ,
1222 567 1278 616 εἴ
1305 582 1357 615 τι
1394 565 1641 617 λείπεται
1666 565 1809 619 διοι-
1847 583 1868 616 5

115 644 451 713 κησοέμενος,
492 646 622 713 ε”χου
660 649 758 714 τῆς
797 647 1130 715 ἱερουργίας.

221 730 315 781 καὶ
355 727 383 781 6
420 730 525 796 μὲν
554 731 833 798 Θεαγένης
864 731 1030 799 ἤγετο
1058 724 1116 783 οἷ
1136 731 1533 798 προστέτακτο·
1573 730 1605 800 ἡ
1634 733 1807 799 Χαρί-

116 816 275 866 κλεια
302 813 365 867 δὲ
393 812 483 865 ἐπὶ
509 809 732 883 τῇ’νίκῃ
771 813 974 882 μικρὸν
1009 814 1411 868 ἀναπνεύσασα
1448 814 1541 867 καὶ
1575 813 1642 867 τοὶ
1678 817 1810 883 βελ-

119 918 148 949 τ
175 891 279 950 ονα
307 898 602 966 ἐλπίσασα,
638 898 809 951 πάλιν
835 897 1114 967 ἀγομένου
1136 897 1287 968 ’.πρὸς
1312 898 1548 968 θρήνοις
1570 889 1660 967 ἦν.
1719 900 1811 951 καὶ

114 984 211 1049 τῆς
237 984 521 1055 Περσίνης
557 978 738 1034 πολλὰ
774 983 1221 1051 παρηγορούσης,
1261 983 1353 1034 καὶ
1390 979 1580 1043 Ἐεἰκὸς
1614 985 1896 1052 σωθῆ-ιο

123 1085 218 1118 ναι
255 1053 356 1117 τὸν
393 1056 544 1133 νέον,
589 1071 644 1119 εἴ
674 1086 768 1136 μοι
806 1065 898 1119 καὶ
936 1063 1003 1118 τοὶ
1042 1066 1342 1135 λειπόμενα
1369 1066 1461 1118 καὶ
1499 1067 1813 1136 σαφέστερα

115 1152 229 1202 τῶν
267 1147 406 1202 κατοέ
448 1151 667 1219 σαυτὴν
707 1148 1063 1219 ἐξαγορεύειν
1105 1150 1387 1218 βούλοιο”
1430 1151 1727 1221 λεγούσης,
1779 1149 1810 1221 ἡ

114 1235 218 1301 μὲν
237 1236 544 1303 Χαρίκλεια
570 1237 891 1302 βιασθεισα,
917 1235 1009 1286 καὶ
1038 1233 1138 1286 τὸν
1164 1232 1366 1303 καιρὸν
1386 1233 1490 1287 οὐκ
1513 1236 1813 1289 ἐνδιδόντα

115 1314 427 1386 ὑπέρθεσιν
455 1314 663 1388 ὁρωσα,
691 1318 833 1387 πρὸς
858 1339 926 1371 τα
952 1317 1286 1422 καιριώτερα
1311 1339 1426 1371 των
1452 1321 1812 1388 διηγηματων
1901 1374 1907 1378 ,

117 1400 395 1470 ω’ρμησεν.
946 1406 980 1423 '²
1110 1403 1185 1428 '²⁴
1827 1423 1868 1456 15

223 1483 251 1537 6
280 1485 339 1537 δὲ
359 1483 651 1559 Ὑδασπης,
692 1492 746 1539 εἰ
765 1506 911 1548 τινες
944 1483 1345 1540 ὑπολείπονται
1380 1491 1494 1540 τῶν
1530 1490 1811 1556 πρεσβευ-
1888 1548 1892 1549 ⁷

116 1567 359 1636 σάντων,
399 1572 499 1621 τοῦ
527 1554 891 1638 εἰσαγγέλέως
918 1571 1291 1624 ἐπυνθανετο.
1358 1569 1386 1624 6
1414 1571 1475 1623 δὲ
1499 1569 1809 1641 Ἁρμονίας,

118 1672 171 1704 οι
219 1653 280 1704 ἐκ
320 1652 573 1720 Συήνης,
624 1656 758 1722 ἔφη,
807 1655 998 1723 μόνοι,
1048 1657 1314 1722 βασιλεῦ,
1364 1656 1660 1724 γράμματα
1708 1657 1812 1724 μὲν

114 1729 487 1836 Ὀροονδοὶτου
515 1738 608 1788 και
634 1736 785 1800 ξένια
812 1741 1144 1806 κομίζοντες,
1173 1758 1302 1840 αρτι
1328 1739 1390 1792 δὲ
1416 1739 1510 1792 και
1535 1737 1644 1809 πρὸ
1670 1742 1813 1808 βρα-

31 1827 103 1880 34
123 1821 245 1890 χέος
283 1820 631 1883 ἐπελθόντες.
687 1819 980 1889 “ἡκο’ντων
1016 1824 1122 1874 οὐν
1150 1823 1242 1874 καὶ
1279 1814 1478 1875 ουτοι”
1516 1826 1618 1876 τοῦ
1646 1819 1812 1876 Y6oc—
1826 1841 1869 1875 20

8 2471 41 2493 ,Ι-

0 2500 10 2520 ι’

120 1919 268 1957 σπου
291 1904 575 1973 φήσαντος
595 1908 856 1974 παρῆσαν
881 1906 973 1958 καὶ
1008 1902 1065 1957 τὸ
1087 1924 1313 1973 γραμμα
1341 1905 1690 1975 ἐνεχείριζον.
1719 1905 1812 1960 καὶ

120 1986 420 2057 ἀνειλήσας
458 1988 763 2056 ἐπελέγετο,
803 1990 895 2042 καὶ
932 1980 1004 2057 ἧν
1040 1989 1277 2042 τοιόνδε.

227 2080 409 2137 βασιλεῖ
450 2075 770 2159 φιλανθρώπῳ
811 2078 891 2123 καὶ
938 2073 1178 2135 εὐδαίμονι
1220 2081 1285 2138 τῷ
1326 2072 1571 2123 Αἰθιόπων
1602 2074 1810 2139 Τδασπῃ

114 2144 422 2227 ’Μνδατης
454 2145 478 2192 6
515 2145 716 2207 μεγαλου
752 2148 969 2208 βασιλέως
1000 2144 1251 2206 σατράπης.
1311 2148 1352 2193 εἰ
1386 2151 1531 2193 νικῶν
1567 2166 1687 2193 κατα
1722 2146 1809 2208 τὴν

118 2210 272 2277 μα’χην
296 2217 434 2263 πλέον
460 2215 619 2279 γνώμῃ
654 2215 866 2276 ἐνίκησας
890 2223 972 2263 καί
992 2235 1070 2276 μοι
1105 2221 1386 2273 σατραπείαν
1411 2213 1525 2277 ὅλην
1549 2214 1669 2264 έκων
1694 2233 1869 2278 παρ-25

120 2304 365 2347 εχωρησας,
405 2284 491 2334 οὐκ
527 2306 586 2333 αν
611 2286 906 2347 θαυμασαιμι
940 2286 992 2333 τὸ
1019 2286 1169 2346 παρὸν
1195 2289 1239 2333 εί
1261 2290 1478 2348 βραχεῖαν
1505 2291 1688 2347 αἴτησιν
1713 2286 1811 2335 ἐπι-

11 2412 35 2433 „-
45 2367 106 2418 4
120 2356 346 2410 νεύσειας.
399 2358 514 2416 κόρη
540 2377 608 2410 τις
616 2355 833 2430 αγομένη
859 2356 974 2417 πρός
998 2376 1051 2416 με
1087 2355 1179 2403 ἀπὸ
1205 2361 1286 2417 τῆς
1312 2359 1555 2417 Μέμφεως
1572 2362 1656 2404 τοῦ
1680 2359 1810 2406 πολέ-

46 2448 77 2477 ι,
122 2446 211 2488 μου
237 2428 394 2486 γέγονε
428 2426 684 2487 πάρεργον·
722 2429 801 2473 καὶ
838 2423 911 2475 ὅτι
944 2425 1225 2487 αἰχμάλωτος
1260 2425 1309 2473 ἐκ
1346 2433 1428 2475 σοῦ
1463 2426 1812 2487 προστάγματος

123 2499 188 2552 εἰς
222 2498 475 2544 Αἰθιοπίαν
513 2497 743 2557 ἐπέμφθη,
777 2497 892 2559 πρὸς
925 2503 1018 2544 τῶν
1052 2498 1138 2544 σὺν
1171 2496 1288 2559 αὐτῇ
1321 2497 1580 2557 γεγονότων
1605 2499 1686 2544 καὶ
1713 2503 1813 2545 δια-

123 2567 335 2628 δραντων
359 2565 442 2615 τὸν
464 2566 567 2615 τότε
592 2567 1098 2633 κίνδυνονῖἐπυθόμην.
1156 2561 1331 2627 ταύτην
1368 2570 1482 2617 αἰτῶ
1507 2573 1714 2628 λυθῆναί
1731 2586 1810 2627 μοι
1825 2588 1868 2622 30

125 2644 299 2699 δῶρον,
334 2637 570 2699 ἐφιέμενος
603 2657 684 2698 μεν
716 2640 797 2685 καὶ
831 2637 973 2691 αὐτὸς
1006 2643 1087 2697 τῆς
1122 2637 1305 2699 παιδός,
1339 2641 1476 2686 πλέον
1502 2639 1551 2686 δε
1574 2642 1814 2698 περιποιῆ-

126 2727 202 2756 σαι
236 2714 298 2757 τῶ
323 2727 414 2756 πατ
445 2711 461 2755 ὶ
487 2707 779 2771 βουλόμενος,
817 2707 990 2769 πολλὴν
1015 2705 1235 2767 αληθέντι
1271 2714 1359 2768 γῆν
1384 2707 1501 2756 κατὰ
1525 2707 1710 2768 ζήτησιν
1733 2712 1815 2767 τῆς

124 2786 362 2839 θυγατρος
387 2729 571 2827 nffv’
561 2777 868 2841 Ἐλεφαντίνῃ
892 2800 952 2826 τω
984 2783 1187 2841 φρουρίῳ
1212 2798 1331 2826 κατα
1355 2778 1437 2826 τὸν
1456 2778 1657 2838 πόλεμον
1675 2796 1814 2825 κατα-

124 2852 368 2910 ληφθέντι,
395 2838 832 2910 καὶ<ἐπισκοποῦντί
858 2869 935 2909 μοι
959 2869 1071 2909 μετα
1108 2854 1253 2896 ταῦτα
1285 2868 1394 2903 τους
1429 2842 1829 2937 περισωζομένοτῷ
1899 2914 1901 2917 v
