1916 3132
178 81 278 134 170
894 89 1139 137 ΕΚΤΟΝ

172 218 296 289 ἐμοὶ
333 221 394 275 δὲ
432 222 574 291 πρὸς
609 223 790 294 τούτῳ
828 226 922 277 καὶ
958 223 1057 278 τὸν
1094 225 1240 281 υἱόν.
1264 224 1469 292 ᾩοῖσθά
1506 246 1619 284 που
1645 229 1867 296 πάντως

171 312 564 375 προακηκόυῖα
599 308 772 361 παῖδα
801 306 938 378 ἐμὸν
966 305 1113 362 εἶναι
1139 309 1238 364 τὸν
1266 313 1503 381 Θύαμιν.
1526 332 1530 364 ῡ
1563 314 1658 368 καὶ
1681 312 1714 383 ἡ
1743 318 1866 368 Χα-

170 393 388 459 ρίκλεια
424 393 695 461 γενομένη
736 391 1011 462 σύννους,
1053 396 1105 447 εἰ
1137 397 1242 462 μὲν
1279 397 1368 465 δή,
1409 387 1537 467 ἔφη,
1575 407 1707 460 παῖς
1744 397 1867 453 ἐστί

171 488 260 527 σοι
287 475 503 544 Θύαμις
519 516 534 543 ,
571 478 664 529 καὶ
701 479 853 530 ἔστιν
881 469 1045 540 οὗτος
1071 476 1211 532 ἄλλα
1237 478 1310 550 μὴ
1338 482 1530 549 ἑτέρου
1556 481 1651 535 καὶ
1676 479 1862 551 ἄλλος,

168 561 277 612 νῦν
303 560 407 628 μὲν
433 558 501 629 δὴ
528 560 595 613 τὰ
619 557 858 631 ἡμέτερα
884 563 1026 630 πρὸς
1050 564 1325 618 κίνδυνον
1362 563 1586 619 ἐλαύνει
1621 563 1722 619 τὸν
1758 566 1860 634 μέ-
1888 584 1910 618 5

167 657 378 711 γιστον.
428 645 831 714 θαυμάσαντος
857 647 919 700 δὲ
954 647 1049 700 καὶ
1084 645 1188 716 τήν
1226 650 1411 702 αἰτίαν
1450 649 1724 718 ἐρομένου
1761 651 1864 703 τοῦ

167 730 575 797 Καλασίριδος,
625 726 821 799 οἶσθα,
875 728 1053 801 εἶπεν,
1105 732 1179 795 ὠς
1217 734 1563 834 αἰχμάλωτος
1602 732 1865 803 ἐλήφθην

166 809 280 867 υπὸ
320 832 433 866 των
469 813 787 881 βουκόλων.
854 817 975 879 ἐκεῖ
995 820 1192 870 τοίνυν
1218 818 1312 870 καὶ
1337 816 1438 870 τὸν
1467 819 1690 886 Θύαμιν
1714 816 1864 887 ’ὑπη-

166 917 368 966 γαγετο
395 896 536 966 πρὸς
560 900 660 952 τὸν
686 897 809 952 κατ’
836 900 973 968 ἐμοῦ
1000 901 1185 954 πόθον
1196 899 1267 988 y}
1267 902 1557 970 δυστυχῶς
1574 920 1667 971 μοι
1686 917 1864 967 προσ-

169 991 313 1035 εῖναι
339 983 588 1036 δοκοῦσα
614 988 728 1036 τῶν
754 983 943 1048 ὄψεων
966 1005 1111 1056 ωρα·
1154 985 1248 1037 καὶ
1243 967 1416 1052 δέος,
1446 987 1497 1037 εἰ
1520 984 1861 1054 ἀναζητοῦν-
1891 1005 1916 1039 ιε

168 1086 255 1129 τες
295 1066 644 1135 ἐντύχοιμεν,
684 1066 757 1136 μὴ
799 1061 1081 1136 ὀφθεῖσαν
1122 1069 1346 1138 ἐκείνην
1385 1065 1532 1122 εἷναί
1563 1089 1631 1138 με
1654 1067 1864 1140 ταύτην

164 1149 568 1220 ὑπομνησθείς,
591 1150 690 1204 τὸν
710 1171 891 1237 γαμον
914 1151 981 1205 ὁν
1000 1152 1125 1205 τότε
1123 1172 1238 1239 μοι
1269 1153 1705 1222 προτεινόμενον
1724 1155 1860 1222 παρ’

165 1233 342 1288 αὐτοῦ
381 1217 822 1306 διεκρουσοὶμην
841 1220 1135 1304 ἐπινοίαις,
1177 1239 1254 1300 εἰς
1280 1240 1474 1317 ἔργον
1471 1235 1636 1306 ᾄγ-ιν
1658 1236 1862 1307 βιαση-

162 1339 268 1373 ται.
325 1321 419 1372 και
446 1316 475 1372 6
500 1321 837 1388 Καλάσιρις,
858 1320 935 1426 μὴ
969 1319 1114 1374 οὕτω
1140 1323 1242 1390 μέν
1268 1341 1428 1387 ποτε,
1457 1324 1625 1391 φησί,
1655 1321 1862 1374 ἐπιθυ-

163 1407 261 1471 μία
299 1405 632 1472 κρατήσειεν
669 1426 745 1468 ως
782 1407 874 1458 και
912 1405 1019 1473 τὴν
1066 1404 1332 1474 πατρῴαν
1380 1403 1515 1471 ὄψιν
1560 1405 1856 1475 ὁρωμένην
1887 1427 1916 1461 ιε

161 1486 583 1557 ὑπεροφθῆναι,
624 1491 716 1543 καὶ
753 1489 900 1558 ὄμμα
936 1494 1038 1542 τοῦ
1076 1489 1290 1557 φύντος
1314 1489 1384 1559 μὴ
1414 1490 1737 1543 καταιδέσαι
1760 1486 1860 1543 τὸν

162 1574 335 1625 παῖδα
373 1575 467 1625 καὶ
505 1576 744 1626 κολάσαι
768 1573 893 1642 τήν,
935 1579 1091 1641 εἴπερ
1129 1576 1222 1627 καὶ
1261 1577 1432 1643 ἔστιν,
1473 1572 1577 1627 οὐκ
1619 1577 1861 1642 ἔννομον

162 1655 362 1729 ρρεξιν.
441 1655 586 1724 ὅμως
623 1657 679 1709 δ’
719 1659 826 1709 ούν
851 1654 1097 1725 (κωλύει
1132 1660 1241 1726 γὰρ
1285 1657 1474 1728 οὐδέν)
1513 1661 1569 1710 τί
1603 1656 1726 1726 οὐχὶ
1764 1657 1858 1710 καὶ

161 1741 418 1810 μηχανήν
464 1760 589 1794 τινα
628 1739 768 1809 πρὸς
805 1734 1193 1810 περιγραφὴν
1207 1747 1322 1795 τῶν
1360 1743 1697 1811 φοβούντων
1734 1741 1858 1795 ἐπι-

159 1834 336 1890 νοεῖς;
378 1825 533 1895 δεινὴ
577 1825 641 1877 δέ
673 1845 755 1887 τις
794 1828 981 1886 ἔοικας
996 1822 1152 1878 εῖναι
1180 1829 1551 1895 σοφιστεῦσαι
1577 1845 1716 1879 κατα
1742 1829 1857 1878 τῶν
1885 1846 1916 1880 2(

166 1908 603 1985 ἐπιχειρούντων
642 1909 927 1972 διαδύσεις
964 1929 1024 1962 τε
1063 1910 1154 1962 καὶ
1195 1907 1542 1978 ὑπερθέσεις.

80 1997 148 2050 10
274 1987 655 2063 ἀνείθηὸπρός
691 1997 867 2046 ταῦτα
902 1991 1107 2063 μικρὸν
1133 1992 1166 2063 ἡ
1196 1997 1523 2062 Χαρίκλεια,
1561 1995 1654 2045 καὶ
1681 1993 1859 2061 εἰμὲν

161 2076 487 2147 ἀληθεύεις,
539 2073 715 2144 εἶπεν,
754 2076 791 2147 ἢ
828 2078 1066 2131 παιδιάν
1103 2097 1171 2146 με
1209 2081 1526 2147 πεποίησαι,
1565 2079 1858 2146 παρείσθω

160 2162 223 2216 τὸ
250 2161 459 2230 παρόν·
488 2159 597 2228 ἐγώ
626 2163 687 2215 δὲ
712 2160 915 2230 τέχνην
942 2161 1055 2230 ἅμα
1079 2166 1156 2232 τῷ
1179 2163 1445 2229 Θεαγένει
1470 2163 1574 2230 μὲν
1598 2162 1692 2214 καὶ
1716 2160 1858 2230 πρό-

160 2265 327 2315 τερον
367 2247 842 2314 ἐπιχειρηθεῖσαν,
872 2245 983 2300 ὑπὸ
1011 2247 1072 2299 δὲ
1097 2250 1198 2315 τῆς
1222 2246 1346 2298 τότε
1370 2248 1541 2315 τύχης
1565 2246 1859 2299 διακοπεῖ-
1899 2263 1916 2296 2

161 2345 287 2398 σαν,
317 2331 681 2398 εἰσηγήσομαι
707 2332 801 2382 καὶ
826 2332 935 2383 νῦν
963 2330 1053 2383 ἐπ’
1075 2329 1329 2400 ἀμείνοσι
1353 2339 1472 2391 ταῖς
1495 2328 1700 2398 τύχαις.
1753 2331 1850 2398 τῆς

158 2417 268 2483 γὰρ
294 2413 474 2482 νήσου
499 2413 595 2482 τῆς
609 2417 947 2483 βουκολικῆς
968 2412 1284 2482 ἀποδρᾶναι
1303 2414 1770 2482 διανοηθεῖσιν
1719 2411 1849 2466 ἐδό-

157 2514 374 2575 κεκτην
401 2496 614 2565 ἐσθῆτα
632 2499 1199 2600 μεταμφιασαμένους
1220 2499 1277 2560 ἐς
1295 2495 1358 2550 τό
1379 2494 1741 2564 λυπροτατονὶ
1754 2496 1848 2550 καὶ

159 2590 396 2649 πτωχοῖς
445 2580 677 2643 ἑαυτους
724 2580 1173 2649 απεικάσαντας,
1212 2580 1390 2644 οὕτως
1444 2581 1848 2649 ἐπιμίγνυσθαι

158 2666 370 2766 κωμαις
394 2684 453 2718 τε
478 2663 570 2718 καὶ
597 2664 843 2718 πόλεσιν.
906 2667 956 2718 εἰ
988 2663 1054 2733 δη
1093 2666 1444 2765 συναρέσκει,
1472 2663 1842 2732 πλαττιόμεθα
1872 2679 1914 2713 3ο

158 2749 222 2803 τὸ
251 2753 430 2819 σχῆμα
455 2747 549 2801 καὶ
573 2749 960 2817 πτωχεύωμεν.
1019 2748 1164 2802 οὕτω
1198 2747 1305 2818 γὰρ
1331 2740 1501 2818 ἧττόν
1525 2768 1585 2802 τε
1613 2749 1847 2816 ἐπιβου-

160 2833 482 2902 λευσόμεθα
516 2831 656 2901 πρὸς
688 2831 803 2886 τῶν
839 2832 1299 2901 ἐντυγχανόντων
1326 2829 1626 2901 (ἀσφάλεια
1650 2829 1757 2901 γὰρ
1786 2833 1851 2886 ἐν
