1916 3132
776 117 904 164 CAP.
930 116 1226 163 xx-XXHI
1772 118 1844 171 39

151 261 307 296 uerso
331 241 559 295 latenter
589 241 861 310 adrepant‚
892 243 954 293 ut
985 241 1130 309 ipsos
1163 240 1325 293 etiam
1350 237 1534 293 oculos
1559 239 1633 309 [p.
1651 240 1736 292 32.
1754 239 1845 310 E]

155 315 295 370 Solis
342 319 395 370 et
440 315 685 370 Iustitiae
731 314 887 367 facile
933 314 1274 367 frustrentur.
1351 333 1475 367 nam
1530 317 1584 367 et
1622 333 1748 367 aues
1789 319 1844 367 et

153 410 365 444 rursum
404 409 558 444 canes
597 393 651 443 et
687 407 889 458 mureS‚
935 389 1099 442 immo
1140 408 1267 442 uero
1315 389 1476 442 etiam
1515 407 1726 442 muscas
1764 389 1842 441 in-

11 487 24 545 1
154 465 335 518 duunt.
383 468 510 518 tunc
535 464 664 517 diris
690 462 1082 516 cantaminibus
1106 482 1294 516 somno
1320 463 1566 516 custodes
1591 464 1842 517 obruunt.

12 549 31 643 ἓ
106 562 128 595 5
153 558 247 593 nec
278 539 407 593 satis
440 539 723 609 quisquam
755 538 974 591 definire
998 539 1198 606 poterit
1230 542 1457 607 quantas
1487 537 1720 591 latebras
1752 558 1840 592 ne-

10 646 26 717 ,
152 614 438 684 quissimae
483 613 733 666 mulieres
779 630 876 681 pro
927 611 1148 665 libidine
1199 631 1297 665 sua
1347 613 1840 666 comminiscuntur.

149 707 247 742 nec
282 691 461 741 tamen
499 688 660 740 huius
691 691 803 740 tam
835 686 1124 739 exitiabilis
1158 705 1347 756 operae
1379 706 1580 740 merces
1612 687 1843 757 amplior

150 781 309 832 quam
349 763 594 832 quaterni
633 761 720 815 uel
759 761 873 814 seni
910 761 1077 814 ferme
1118 761 1415 814 offeruntur
1454 763 1615 815 aurei.
1686 762 1841 816 ehem

149 840 203 890 et
234 837 376 907 quod
406 855 572 906 paene
604 836 997 906 praeterieram,
1036 836 1179 905 siqui
1211 854 1318 888 non
1341 836 1612 906 integrum
1645 856 1840 907 corpus

80 934 125 967 10
148 913 302 965 mane
340 911 652 981 restituerit,
689 911 949 980 quidquid
987 910 1109 963 inde
1135 910 1442 980 decerptum
1483 911 1841 965 deminutum-

148 1004 250 1056 que
288 986 464 1056 fuerit,
504 986 559 1038 id
599 1004 754 1039 omne
795 985 857 1038 de
896 985 1030 1038 facie
1070 1004 1167 1038 sua
1214 985 1424 1039 desecto
1464 987 1658 1039 sarcire
1699 1005 1842 1039 com-

146 1060 401 1130 pellitur.'

257 1133 455 1188 XXIII.
506 1134 608 1188 His
647 1134 876 1204 cognitis
918 1134 1155 1186 animum
1194 1153 1374 1187 meum
1406 1135 1744 1189 conmasculo
1786 1139 1839 1188 et

146 1208 269 1262 ilico
302 1210 552 1262 accedens
584 1227 901 1278 praeconem
934 1209 1200 1262 ‘clamare'
1233 1209 1453 1278 inquam
1487 1209 1613 1261 ‘iam
1640 1210 1835 1263 desine.

78 1305 122 1338 15
148 1284 298 1336 adest
336 1287 515 1336 custos
552 1287 787 1353 paratUS,
826 1283 954 1336 cedo
992 1283 1326 1352 praemium.'

258 1357 446 1411 ‘Mille'
485 1358 662 1427 inquit
702 1358 1000 1410 ‘nummum
1041 1357 1373 1426 deponentur
1403 1358 1518 1410 tibi.
1581 1359 1674 1412 sed
1704 1358 1839 1412 heus

144 1432 355 1485 iuuenis
395 1451 522 1485 caue
563 1432 847 1503 diligenter
878 1432 1180 1500 principum
1213 1433 1449 1485 ciuitatis
1479 1432 1581 1485 filii
1612 1433 1841 1487 cadauer

146 1524 178 1558 a
214 1507 370 1560 malis
408 1506 664 1575 Harpyiis
704 1507 869 1575 probe
910 1506 1214 1559 custodias'

258 1579 533 1650 ‘Ineptias'
558 1581 777 1650 inquam
802 1580 954 1633 ‘mihi
978 1599 1161 1633 narras
1186 1584 1239 1634 et
1262 1599 1433 1651 nugas
1459 1600 1646 1634 meras.
1686 1582 1838 1634 uides

74 1677 121 1710 πο
143 1654 416 1708 hominem
454 1655 687 1708 ferreum
738 1659 790 1708 et
830 1655 1150 1724 insomnem,
1202 1659 1342 1708 certe
1390 1656 1837 1725 perspicaciorem

145 1729 262 1798 ipso
301 1729 514 1798 Lynceo
555 1729 643 1782 uel
679 1727 830 1800 Argo
869 1733 923 1783 et
962 1729 1206 1782 oculeum
1246 1731 1457 1783 totum.'

255 1802 364 1856 Vix
394 1804 636 1856 finieram
669 1808 723 1856 et
754 1804 876 1856 ilico
909 1823 993 1856 me
1025 1804 1269 1872 perducit
1302 1805 1368 1857 ad
1400 1805 1619 1857 domum
1653 1824 1836 1874 quam-

142 1877 301 1946 piam,
334 1878 485 1931 cuius
517 1878 648 1947 ipsis
679 1878 886 1931 foribus
920 1878 1158 1947 obseptis
1190 1898 1286 1948 per
1318 1880 1585 1948 quandam
1617 1880 1836 1933 breuem

141 1952 462 2020 posticulam
508 1953 650 2006 intro
697 1956 855 2006 uocat
901 1971 986 2004 me
1027 1956 1079 2005 et
1127 1954 1378 2006 conclaue
1427 1954 1693 2022 quoddam
1745 1955 1835 2006 ob-

70 2046 117 2081 25
141 2027 330 2079 seratis
361 2027 657 2080 luminibus
690 2028 1004 2080 umbrosum
1036 2027 1328 2098 <intrans>‚
1362 2028 1694 2081 demonstrat
1726 2047 1834 2081 ma-

140 2102 351 2153 tronam
390 2101 622 2154 flebilem
660 2101 811 2155 fusca
850 2105 1000 2155 ueste
1041 2106 1362 2171 contectam,
1414 2122 1574 2172 quam
1612 2106 1836 2172 propter

141 2175 404 2228 adsistens
445 2175 571 2228 ‘hie’
611 2176 787 2245 inquit
827 2176 1154 2229 ‘auctoratus
1203 2177 1269 2229 ad
1308 2178 1606 2230 custodiam
1653 2178 1835 2230 mariti

139 2249 221 2302 tui
251 2249 476 2303 fidenter
507 2251 766 2304 accessit.'
821 2254 876 2303 at
906 2250 1002 2303 illa
1033 2251 1269 2304 crinibus
1303 2251 1675 2320 antependulis
1708 2252 1834 2305 hinc

140 2322 262 2376 inde
301 2324 528 2377 demotis
575 2326 736 2378 etiam
788 2325 844 2378 in
890 2344 1127 2378 maerore
1174 2325 1504 2379 luculentam
1555 2326 1833 2396 proferens

262 2576 316 2616 11
358 2572 544 2619 desecto
577 2575 658 2631 qu
708 2574 944 2621 defectum
975 2577 1004 2620 ὃ
1128 2579 1180 2619 17
1228 2575 1482 2633 diligenter
1520 2578 1573 2620 111
1615 2575 1832 2633 primatis

138 2674 350 2743 ciuitatis
382 2675 520 2721 huius
553 2678 757 2723 cadauer
788 2680 858 2736 dg
979 2683 1037 2723 20
1070 2679 1365 2737 insompnem
1397 2690 1435 2734 φ
1534 2646 1762 2738 pspiccziore
1796 2679 1832 2722 F

108 2838 110 2840 Ι
136 2778 221 2881 {sp
190 2745 354 2836 pica⁰re
381 2795 416 2836 φ
538 2785 590 2824 21
625 2782 683 2837 cf.
718 2783 875 2829 Plaut.
909 2782 1019 2827 Aul.
1055 2787 1139 2826 555
1235 2788 1289 2828 23
1324 2782 1533 2840 obseptis
1567 2782 1602 2825 F
1696 2786 1752 2825 24
1785 2784 1833 2826 et

185 2839 300 2895 ‹pdg
331 2837 393 2883 ad
423 2838 474 2883 E.
508 2853 609 2884 cum
641 2841 772 2887 Hild.
882 2847 938 2886 25
972 2841 1226 2904 <intrans>
1259 2845 1437 2888 inserui
1552 2845 1606 2884 26
1638 2854 1764 2902 &per
1795 2841 1831 2884 F

134 2939 236 2989 ‘ppe
269 2943 305 2983 φ
449 2931 504 2971 29
538 2928 736 2974 demotis
769 2931 844 2976 Εὸ
893 2904 1068 2975 d'motis
1102 2949 1137 2988 φ
1187 2931 1377 2976 dimotis
1416 2931 1530 2976 Oud.
1562 2931 1618 2985 cf.
1655 2934 1831 2976 208.16
