<?xml version="1.0" encoding="UTF-8"?>
<!DOCTYPE html PUBLIC "-//W3C//DTD XHTML 1.0 Transitional//EN"
    "http://www.w3.org/TR/xhtml1/DTD/xhtml1-transitional.dtd">
<html xmlns="http://www.w3.org/1999/xhtml" xml:lang="en" lang="en">
 <head>
  <title>
</title>
<meta http-equiv="Content-Type" content="text/html;charset=utf-8" />
  <meta name='ocr-system' content='tesseract 3.04.00' />
  <meta name='ocr-capabilities' content='ocr_page ocr_carea ocr_par ocr_line ocrx_word'/>
</head>
<body>
  <div class='ocr_page' id='page_1' title='image "./aethiopicorumlib00heliuoft_0069.png"; bbox 0 0 1916 3132; ppageno 0'>
   <div class='ocr_carea' id='block_1_1' title="bbox 802 146 1852 200">
    <p class='ocr_par' dir='ltr' id='par_1_1' title="bbox 802 146 1852 200">
     <span class='ocr_line' id='line_1_1' title="bbox 802 146 1852 200; baseline 0.001 -4"><span class='ocrx_word' id='word_1_1' title='bbox 802 150 895 196; x_wconf 85' lang='lat' dir='ltr'><strong><em>AE</em></strong></span> <span class='ocrx_word' id='word_1_2' title='bbox 902 147 1181 196; x_wconf 79' lang='lat' dir='ltr'><em>YTEPON</em></span> <span class='ocrx_word' id='word_1_3' title='bbox 1780 146 1852 200; x_wconf 87' lang='lat'><strong><em>59</em></strong></span> 
     </span>
    </p>
   </div>
   <div class='ocr_carea' id='block_1_2' title="bbox 0 283 1916 3054">
    <p class='ocr_par' dir='ltr' id='par_1_2' title="bbox 0 283 1916 3054">
     <span class='ocr_line' id='line_1_2' title="bbox 145 283 1850 357; baseline -0.002 -15"><span class='ocrx_word' id='word_1_4' title='bbox 145 286 285 343; x_wconf 86' lang='grc' dir='ltr'><strong><em>κατά</em></strong></span> <span class='ocrx_word' id='word_1_5' title='bbox 333 285 574 342; x_wconf 88' lang='grc' dir='ltr'><strong><em>σεαυτὸν</em></strong></span> <span class='ocrx_word' id='word_1_6' title='bbox 621 283 793 341; x_wconf 75' lang='grc' dir='ltr'><strong><em>οὐδὲν</em></strong></span> <span class='ocrx_word' id='word_1_7' title='bbox 842 285 1173 357; x_wconf 82' lang='grc' dir='ltr'><strong><em>ἐκδιδάξας,</em></strong></span> <span class='ocrx_word' id='word_1_8' title='bbox 1227 287 1505 356; x_wconf 84' lang='grc' dir='ltr'><strong><em>πρότερος</em></strong></span> <span class='ocrx_word' id='word_1_9' title='bbox 1542 288 1636 340; x_wconf 84' lang='grc' dir='ltr'><strong><em>καὶ</em></strong></span> <span class='ocrx_word' id='word_1_10' title='bbox 1674 291 1850 339; x_wconf 87' lang='grc' dir='ltr'><strong><em>ταῦτα</em></strong></span> 
     </span>
     <span class='ocr_line' id='line_1_3' title="bbox 144 365 1851 443; baseline -0.004 -15"><span class='ocrx_word' id='word_1_11' title='bbox 144 375 475 443; x_wconf 85' lang='grc' dir='ltr'><strong><em>ἐρωτηθείς,</em></strong></span> <span class='ocrx_word' id='word_1_12' title='bbox 524 373 639 426; x_wconf 74' lang='grc' dir='ltr'><strong><em>τῶν</em></strong></span> <span class='ocrx_word' id='word_1_13' title='bbox 688 370 841 441; x_wconf 76' lang='grc' dir='ltr'><strong><em>ἐμῶν</em></strong></span> <span class='ocrx_word' id='word_1_14' title='bbox 887 375 1103 439; x_wconf 78' lang='grc' dir='ltr'><strong><em>γνῶσιν</em></strong></span> <span class='ocrx_word' id='word_1_15' title='bbox 1153 372 1438 441; x_wconf 80' lang='grc' dir='ltr'><em>ἐπιζητεῖς.</em></span> <span class='ocrx_word' id='word_1_16' title='bbox 1527 369 1764 440; x_wconf 84' lang='grc' dir='ltr'><strong><em>οὐκοῦν,</em></strong></span> <span class='ocrx_word' id='word_1_17' title='bbox 1813 365 1851 440; x_wconf 78' lang='grc' dir='ltr'><strong><em>ἦ</em></strong></span> 
     </span>
     <span class='ocr_line' id='line_1_4' title="bbox 142 455 1848 526; baseline -0.003 -13"><span class='ocrx_word' id='word_1_18' title='bbox 142 456 195 512; x_wconf 86' lang='grc' dir='ltr'><strong><em>δ’</em></strong></span> <span class='ocrx_word' id='word_1_19' title='bbox 225 455 311 525; x_wconf 80' lang='grc' dir='ltr'><strong><em>ὅς,</em></strong></span> <span class='ocrx_word' id='word_1_20' title='bbox 344 456 535 526; x_wconf 82' lang='grc' dir='ltr'><strong><em>ἐπειδὴ</em></strong></span> <span class='ocrx_word' id='word_1_21' title='bbox 550 455 783 526; x_wconf 71' lang='grc' dir='ltr'><strong><em>’Ἕλληνι</em></strong></span> <span class='ocrx_word' id='word_1_22' title='bbox 811 458 996 519; x_wconf 83' lang='grc' dir='ltr'><strong><em>ἔοικας</em></strong></span> <span class='ocrx_word' id='word_1_23' title='bbox 1022 455 1210 526; x_wconf 90' lang='grc' dir='ltr'><strong><em>ἀνδρί,</em></strong></span> <span class='ocrx_word' id='word_1_24' title='bbox 1238 461 1339 510; x_wconf 88' lang='grc' dir='ltr'><strong><em>καί</em></strong></span> <span class='ocrx_word' id='word_1_25' title='bbox 1361 458 1427 510; x_wconf 90' lang='grc' dir='ltr'><strong><em>σέ</em></strong></span> <span class='ocrx_word' id='word_1_26' title='bbox 1447 477 1548 524; x_wconf 85' lang='grc' dir='ltr'><strong><em>τις,</em></strong></span> <span class='ocrx_word' id='word_1_27' title='bbox 1579 477 1654 519; x_wconf 92' lang='grc' dir='ltr'><strong><em>ως</em></strong></span> <span class='ocrx_word' id='word_1_28' title='bbox 1680 458 1848 525; x_wconf 83' lang='grc' dir='ltr'><strong><em>ἔοικε,</em></strong></span> 
     </span>
     <span class='ocr_line' id='line_1_5' title="bbox 139 539 1851 613; baseline -0.001 -17"><span class='ocrx_word' id='word_1_29' title='bbox 139 546 596 613; x_wconf 80' lang='grc' dir='ltr'><strong><em>μετασχηματίζει</em></strong></span> <span class='ocrx_word' id='word_1_30' title='bbox 634 541 803 610; x_wconf 85' lang='grc' dir='ltr'><em>τύχη,</em></span> <span class='ocrx_word' id='word_1_31' title='bbox 853 542 945 593; x_wconf 85' lang='grc' dir='ltr'><strong><em>καὶ</em></strong></span> <span class='ocrx_word' id='word_1_32' title='bbox 994 542 1219 605; x_wconf 88' lang='grc' dir='ltr'><strong><em>πάντως</em></strong></span> <span class='ocrx_word' id='word_1_33' title='bbox 1267 540 1334 595; x_wconf 84' lang='grc' dir='ltr'><strong><em>τά</em></strong></span> <span class='ocrx_word' id='word_1_34' title='bbox 1373 539 1614 612; x_wconf 81' lang='grc' dir='ltr'><strong><em>ἡμέτερα</em></strong></span> <span class='ocrx_word' id='word_1_35' title='bbox 1653 546 1851 604; x_wconf 78' lang='grc' dir='ltr'><strong><em>ποθεῖς</em></strong></span> 
     </span>
     <span class='ocr_line' id='line_1_6' title="bbox 10 622 1852 710; baseline 0 -31"><span class='ocrx_word' id='word_1_36' title='bbox 10 624 17 627; x_wconf 63' lang='grc'><em>”</em></span> <span class='ocrx_word' id='word_1_37' title='bbox 93 646 114 679; x_wconf 87' lang='lat'>5</span> <span class='ocrx_word' id='word_1_38' title='bbox 144 627 394 695; x_wconf 85' lang='grc' dir='ltr'><strong><em>ἀκούειν,</em></strong></span> <span class='ocrx_word' id='word_1_39' title='bbox 423 625 611 681; x_wconf 86' lang='grc' dir='ltr'><strong><em>ω’δίνω</em></strong></span> <span class='ocrx_word' id='word_1_40' title='bbox 639 627 700 679; x_wconf 84' lang='grc' dir='ltr'><strong><em>δὲ</em></strong></span> <span class='ocrx_word' id='word_1_41' title='bbox 729 626 822 679; x_wconf 82' lang='grc' dir='ltr'><strong><em>καὶ</em></strong></span> <span class='ocrx_word' id='word_1_42' title='bbox 849 623 1020 689; x_wconf 78' lang='grc' dir='ltr'><strong><em>αὐτὸς</em></strong></span> <span class='ocrx_word' id='word_1_43' title='bbox 1054 628 1225 710; x_wconf 88' lang='grc' dir='ltr'><strong><em>πρός</em></strong></span> <span class='ocrx_word' id='word_1_44' title='bbox 1231 647 1358 681; x_wconf 87' lang='grc' dir='ltr'><strong><em>τινα</em></strong></span> <span class='ocrx_word' id='word_1_45' title='bbox 1396 628 1638 691; x_wconf 79' lang='grc' dir='ltr'><em>ἐξειπεῖν</em></span> <span class='ocrx_word' id='word_1_46' title='bbox 1666 622 1852 695; x_wconf 81' lang='grc' dir='ltr'><strong><em>(εἶπον</em></strong></span> 
     </span>
     <span class='ocr_line' id='line_1_7' title="bbox 141 696 1855 787; baseline -0.003 -19"><span class='ocrx_word' id='word_1_47' title='bbox 141 711 214 768; x_wconf 88' lang='grc' dir='ltr'><strong><em>ἀν</em></strong></span> <span class='ocrx_word' id='word_1_48' title='bbox 249 712 413 787; x_wconf 45' lang='grc' dir='ltr'><strong><em>τάχα,</em></strong></span> <span class='ocrx_word' id='word_1_49' title='bbox 425 713 518 766; x_wconf 87' lang='grc' dir='ltr'><strong><em>καὶ</em></strong></span> <span class='ocrx_word' id='word_1_50' title='bbox 551 712 740 766; x_wconf 83' lang='grc' dir='ltr'><strong><em>τοῖσδε</em></strong></span> <span class='ocrx_word' id='word_1_51' title='bbox 778 721 894 774; x_wconf 81' lang='grc' dir='ltr'><strong><em>τοῖς</em></strong></span> <span class='ocrx_word' id='word_1_52' title='bbox 930 696 1232 781; x_wconf 80' lang='grc' dir='ltr'><em>καλάμοις</em></span> <span class='ocrx_word' id='word_1_53' title='bbox 1238 710 1380 766; x_wconf 82' lang='grc' dir='ltr'><strong><em>κατά</em></strong></span> <span class='ocrx_word' id='word_1_54' title='bbox 1418 711 1517 766; x_wconf 88' lang='grc' dir='ltr'><strong><em>τὸν</em></strong></span> <span class='ocrx_word' id='word_1_55' title='bbox 1550 715 1764 781; x_wconf 88' lang='grc' dir='ltr'><strong><em>μῦθον,</em></strong></span> <span class='ocrx_word' id='word_1_56' title='bbox 1804 712 1855 764; x_wconf 84' lang='grc' dir='ltr'><strong><em>εί</em></strong></span> 
     </span>
     <span class='ocr_line' id='line_1_8' title="bbox 139 790 1851 868; baseline -0.002 -16"><span class='ocrx_word' id='word_1_57' title='bbox 139 798 212 868; x_wconf 79' lang='grc' dir='ltr'><strong><em>μή</em></strong></span> <span class='ocrx_word' id='word_1_58' title='bbox 243 799 332 852; x_wconf 85' lang='grc' dir='ltr'><strong><em>σοὶ</em></strong></span> <span class='ocrx_word' id='word_1_59' title='bbox 358 790 757 867; x_wconf 78' lang='grc' dir='ltr'><strong><em>προσέτυχον),</em></strong></span> <span class='ocrx_word' id='word_1_60' title='bbox 798 795 973 866; x_wconf 84' lang='grc' dir='ltr'><strong><em>ὄχθας</em></strong></span> <span class='ocrx_word' id='word_1_61' title='bbox 998 797 1102 866; x_wconf 79' lang='grc' dir='ltr'><strong><em>μὲν</em></strong></span> <span class='ocrx_word' id='word_1_62' title='bbox 1132 800 1347 850; x_wconf 82' lang='grc' dir='ltr'><strong><em>Νείλου</em></strong></span> <span class='ocrx_word' id='word_1_63' title='bbox 1383 798 1554 851; x_wconf 90' lang='grc' dir='ltr'><strong><em>τάσδε</em></strong></span> <span class='ocrx_word' id='word_1_64' title='bbox 1590 797 1684 850; x_wconf 85' lang='grc' dir='ltr'><strong><em>καὶ</em></strong></span> <span class='ocrx_word' id='word_1_65' title='bbox 1711 800 1851 849; x_wconf 84' lang='grc' dir='ltr'><strong><em>Νεῖ-</em></strong></span> 
     </span>
     <span class='ocr_line' id='line_1_9' title="bbox 141 881 1851 952; baseline -0.001 -16"><span class='ocrx_word' id='word_1_66' title='bbox 141 887 244 936; x_wconf 92' lang='grc' dir='ltr'><strong><em>λον</em></strong></span> <span class='ocrx_word' id='word_1_67' title='bbox 270 881 636 952; x_wconf 80' lang='grc' dir='ltr'><strong><em>ἀπολίπωμεν</em></strong></span> <span class='ocrx_word' id='word_1_68' title='bbox 673 881 764 950; x_wconf 86' lang='grc' dir='ltr'><strong><em>(οὐ</em></strong></span> <span class='ocrx_word' id='word_1_69' title='bbox 798 883 908 950; x_wconf 84' lang='grc' dir='ltr'><strong><em>γὰρ</em></strong></span> <span class='ocrx_word' id='word_1_70' title='bbox 943 881 1055 951; x_wconf 79' lang='grc' dir='ltr'><strong><em>ἡδὺ</em></strong></span> <span class='ocrx_word' id='word_1_71' title='bbox 1094 883 1463 952; x_wconf 75' lang='grc' dir='ltr'><strong><em>μακροτέρων</em></strong></span> <span class='ocrx_word' id='word_1_72' title='bbox 1490 881 1851 952; x_wconf 80' lang='grc' dir='ltr'><strong><em>διηγημάτων</em></strong></span> 
     </span>
     <span class='ocr_line' id='line_1_10' title="bbox 143 962 1852 1047; baseline -0.002 -25"><span class='ocrx_word' id='word_1_73' title='bbox 143 966 717 1047; x_wconf 63' lang='grc' dir='ltr'><strong><em>ἀκροατ’ήριον]τόπος</em></strong></span> <span class='ocrx_word' id='word_1_74' title='bbox 740 965 908 1036; x_wconf 84' lang='grc' dir='ltr'><strong><em>ἡλίου</em></strong></span> <span class='ocrx_word' id='word_1_75' title='bbox 934 970 1253 1039; x_wconf 78' lang='grc' dir='ltr'><strong><em>μεσημβρίᾳ</em></strong></span> <span class='ocrx_word' id='word_1_76' title='bbox 1280 967 1682 1038; x_wconf 80' lang='grc' dir='ltr'><strong><em>φλεγόμενος),</em></strong></span> <span class='ocrx_word' id='word_1_77' title='bbox 1711 962 1852 1035; x_wconf 89' lang='grc' dir='ltr'><strong><em>πρὸς</em></strong></span> 
     </span>
     <span class='ocr_line' id='line_1_11' title="bbox 74 1050 1851 1124; baseline -0.002 -17"><span class='ocrx_word' id='word_1_78' title='bbox 74 1073 115 1107; x_wconf 86' lang='lat'><strong><em>10</em></strong></span> <span class='ocrx_word' id='word_1_79' title='bbox 146 1055 206 1108; x_wconf 76' lang='grc' dir='ltr'><strong><em>δὲ</em></strong></span> <span class='ocrx_word' id='word_1_80' title='bbox 245 1053 351 1123; x_wconf 79' lang='grc' dir='ltr'><strong><em>τὴν</em></strong></span> <span class='ocrx_word' id='word_1_81' title='bbox 390 1053 587 1124; x_wconf 91' lang='grc' dir='ltr'><strong><em>κώμην</em></strong></span> <span class='ocrx_word' id='word_1_82' title='bbox 624 1051 697 1122; x_wconf 77' lang='grc' dir='ltr'><strong><em>ἢν</em></strong></span> <span class='ocrx_word' id='word_1_83' title='bbox 734 1051 872 1123; x_wconf 80' lang='grc' dir='ltr'><strong><em>ὁρᾷς</em></strong></span> <span class='ocrx_word' id='word_1_84' title='bbox 898 1050 1135 1118; x_wconf 82' lang='grc' dir='ltr'><strong><em>ἀντικρὺ</em></strong></span> <span class='ocrx_word' id='word_1_85' title='bbox 1174 1053 1438 1123; x_wconf 80' lang='grc' dir='ltr'><strong><em>κειμένην</em></strong></span> <span class='ocrx_word' id='word_1_86' title='bbox 1467 1058 1661 1122; x_wconf 81' lang='grc' dir='ltr'><strong><em>ἴωμεν,</em></strong></span> <span class='ocrx_word' id='word_1_87' title='bbox 1703 1053 1753 1105; x_wconf 84' lang='grc' dir='ltr'><strong><em>εί</em></strong></span> <span class='ocrx_word' id='word_1_88' title='bbox 1776 1050 1851 1122; x_wconf 84' lang='grc' dir='ltr'><strong><em>μή</em></strong></span> 
     </span>
     <span class='ocr_line' id='line_1_12' title="bbox 141 1135 1850 1207; baseline -0.002 -16"><span class='ocrx_word' id='word_1_89' title='bbox 141 1140 207 1193; x_wconf 91' lang='grc' dir='ltr'><strong><em>σέ</em></strong></span> <span class='ocrx_word' id='word_1_90' title='bbox 240 1159 292 1192; x_wconf 88' lang='grc' dir='ltr'><strong><em>τι</em></strong></span> <span class='ocrx_word' id='word_1_91' title='bbox 331 1140 806 1207; x_wconf 84' lang='grc' dir='ltr'><strong><em>προυργιαίτερον</em></strong></span> <span class='ocrx_word' id='word_1_92' title='bbox 846 1135 1170 1206; x_wconf 80' lang='grc' dir='ltr'><strong><em>ἀπασχολεϊ.</em></strong></span> <span class='ocrx_word' id='word_1_93' title='bbox 1237 1139 1402 1202; x_wconf 78' lang='grc' dir='ltr'><strong><em>ξενιώ</em></strong></span> <span class='ocrx_word' id='word_1_94' title='bbox 1437 1138 1504 1192; x_wconf 92' lang='grc' dir='ltr'><strong><em>δέ</em></strong></span> <span class='ocrx_word' id='word_1_95' title='bbox 1537 1152 1600 1191; x_wconf 92' lang='grc' dir='ltr'><strong><em>σε</em></strong></span> <span class='ocrx_word' id='word_1_96' title='bbox 1640 1135 1744 1190; x_wconf 84' lang='grc' dir='ltr'><strong><em>οὐκ</em></strong></span> <span class='ocrx_word' id='word_1_97' title='bbox 1786 1135 1850 1190; x_wconf 84' lang='grc' dir='ltr'><strong><em>ἐν</em></strong></span> 
     </span>
     <span class='ocr_line' id='line_1_13' title="bbox 142 1219 1848 1292; baseline -0.002 -14"><span class='ocrx_word' id='word_1_98' title='bbox 142 1225 421 1292; x_wconf 84' lang='grc' dir='ltr'><strong><em>ἐμαυτοῦ,</em></strong></span> <span class='ocrx_word' id='word_1_99' title='bbox 461 1221 585 1276; x_wconf 88' lang='grc' dir='ltr'><strong><em>ἀλλ’</em></strong></span> <span class='ocrx_word' id='word_1_100' title='bbox 618 1222 681 1277; x_wconf 84' lang='grc' dir='ltr'><strong><em>έν</em></strong></span> <span class='ocrx_word' id='word_1_101' title='bbox 718 1221 925 1291; x_wconf 87' lang='grc' dir='ltr'><strong><em>ἀνδρὸς</em></strong></span> <span class='ocrx_word' id='word_1_102' title='bbox 961 1221 1186 1291; x_wconf 88' lang='grc' dir='ltr'><strong><em>ἀγαθοῦ</em></strong></span> <span class='ocrx_word' id='word_1_103' title='bbox 1214 1222 1354 1292; x_wconf 80' lang='grc' dir='ltr'><strong><em>κάμὲ</em></strong></span> <span class='ocrx_word' id='word_1_104' title='bbox 1382 1220 1456 1285; x_wconf 74' lang='grc' dir='ltr'><strong><em>ὥς</em></strong></span> <span class='ocrx_word' id='word_1_105' title='bbox 1484 1223 1673 1292; x_wconf 80' lang='grc' dir='ltr'><strong><em>ι”κέτην</em></strong></span> <span class='ocrx_word' id='word_1_106' title='bbox 1700 1219 1848 1275; x_wconf 80' lang='grc' dir='ltr'><strong><em>ὑπο-</em></strong></span> 
     </span>
     <span class='ocr_line' id='line_1_14' title="bbox 140 1299 1851 1378; baseline -0.002 -16"><span class='ocrx_word' id='word_1_107' title='bbox 140 1309 479 1377; x_wconf 81' lang='grc' dir='ltr'><strong><em>δεξαμένου,</em></strong></span> <span class='ocrx_word' id='word_1_108' title='bbox 518 1306 655 1376; x_wconf 85' lang='grc' dir='ltr'><strong><em>παρ’</em></strong></span> <span class='ocrx_word' id='word_1_109' title='bbox 684 1299 728 1378; x_wconf 72' lang='grc' dir='ltr'><em>ᾦ</em></span> <span class='ocrx_word' id='word_1_110' title='bbox 753 1307 945 1377; x_wconf 83' lang='grc' dir='ltr'><strong><em>γνώσῃ</em></strong></span> <span class='ocrx_word' id='word_1_111' title='bbox 974 1327 1030 1360; x_wconf 88' lang='grc' dir='ltr'><strong><em>τε</em></strong></span> <span class='ocrx_word' id='word_1_112' title='bbox 1058 1305 1203 1378; x_wconf 83' lang='grc' dir='ltr'><strong><em>τάμά</em></strong></span> <span class='ocrx_word' id='word_1_113' title='bbox 1229 1310 1597 1377; x_wconf 87' lang='grc' dir='ltr'><strong><em>βουλόμενος,</em></strong></span> <span class='ocrx_word' id='word_1_114' title='bbox 1627 1305 1851 1376; x_wconf 82' lang='grc' dir='ltr'><strong><em>ἀναθή-</em></strong></span> 
     </span>
     <span class='ocr_line' id='line_1_15' title="bbox 142 1389 1850 1465; baseline -0.001 -18"><span class='ocrx_word' id='word_1_115' title='bbox 142 1408 211 1465; x_wconf 82' lang='grc' dir='ltr'><strong><em>σῃ</em></strong></span> <span class='ocrx_word' id='word_1_116' title='bbox 240 1391 298 1446; x_wconf 87' lang='grc' dir='ltr'><strong><em>δ’</em></strong></span> <span class='ocrx_word' id='word_1_117' title='bbox 329 1392 393 1446; x_wconf 79' lang='grc' dir='ltr'><strong><em>ἐν</em></strong></span> <span class='ocrx_word' id='word_1_118' title='bbox 418 1393 573 1462; x_wconf 90' lang='grc' dir='ltr'><strong><em>μέρει</em></strong></span> <span class='ocrx_word' id='word_1_119' title='bbox 602 1392 695 1444; x_wconf 83' lang='grc' dir='ltr'><strong><em>καὶ</em></strong></span> <span class='ocrx_word' id='word_1_120' title='bbox 720 1390 789 1445; x_wconf 82' lang='grc' dir='ltr'><strong><em>τά</em></strong></span> <span class='ocrx_word' id='word_1_121' title='bbox 816 1391 955 1446; x_wconf 87' lang='grc' dir='ltr'><strong><em>κατά</em></strong></span> <span class='ocrx_word' id='word_1_122' title='bbox 983 1390 1238 1446; x_wconf 91' lang='grc' dir='ltr'><strong><em>σεαυτόν.</em></strong></span> <span class='ocrx_word' id='word_1_123' title='bbox 1283 1397 1476 1462; x_wconf 87' lang='grc' dir='ltr'><strong><em>ἴωμεν,</em></strong></span> <span class='ocrx_word' id='word_1_124' title='bbox 1507 1395 1613 1462; x_wconf 80' lang='grc' dir='ltr'><strong><em>ε”φη</em></strong></span> <span class='ocrx_word' id='word_1_125' title='bbox 1642 1389 1670 1445; x_wconf 88' lang='grc' dir='ltr'>ὁ</span> <span class='ocrx_word' id='word_1_126' title='bbox 1697 1390 1850 1461; x_wconf 86' lang='grc' dir='ltr'><strong><em>Κνή-</em></strong></span> 
     </span>
     <span class='ocr_line' id='line_1_16' title="bbox 71 1474 1852 1549; baseline 0.001 -20"><span class='ocrx_word' id='word_1_127' title='bbox 71 1496 112 1530; x_wconf 89' lang='lat'><strong><em>15</em></strong></span> <span class='ocrx_word' id='word_1_128' title='bbox 142 1498 293 1549; x_wconf 91' lang='grc' dir='ltr'><strong><em>μων·</em></strong></span> <span class='ocrx_word' id='word_1_129' title='bbox 360 1476 454 1531; x_wconf 86' lang='grc' dir='ltr'><strong><em>καὶ</em></strong></span> <span class='ocrx_word' id='word_1_130' title='bbox 492 1478 598 1546; x_wconf 91' lang='grc' dir='ltr'><strong><em>γάρ</em></strong></span> <span class='ocrx_word' id='word_1_131' title='bbox 639 1498 732 1546; x_wconf 89' lang='grc' dir='ltr'><strong><em>μοι</em></strong></span> <span class='ocrx_word' id='word_1_132' title='bbox 771 1479 862 1530; x_wconf 85' lang='grc' dir='ltr'><strong><em>καὶ</em></strong></span> <span class='ocrx_word' id='word_1_133' title='bbox 889 1476 1074 1540; x_wconf 81' lang='grc' dir='ltr'><strong><em>ἄλλως</em></strong></span> <span class='ocrx_word' id='word_1_134' title='bbox 1108 1477 1139 1547; x_wconf 86' lang='grc' dir='ltr'><strong><em>ἡ</em></strong></span> <span class='ocrx_word' id='word_1_135' title='bbox 1181 1478 1324 1546; x_wconf 86' lang='grc' dir='ltr'><strong><em>πρὸς</em></strong></span> <span class='ocrx_word' id='word_1_136' title='bbox 1357 1477 1462 1548; x_wconf 83' lang='grc' dir='ltr'><strong><em>τὴν</em></strong></span> <span class='ocrx_word' id='word_1_137' title='bbox 1499 1477 1694 1547; x_wconf 87' lang='grc' dir='ltr'><strong><em>κώμην</em></strong></span> <span class='ocrx_word' id='word_1_138' title='bbox 1723 1474 1852 1539; x_wconf 85' lang='grc' dir='ltr'><strong><em>ὁδὸς</em></strong></span> 
     </span>
     <span class='ocr_line' id='line_1_17' title="bbox 0 1560 1850 1634; baseline -0.002 -17"><span class='ocrx_word' id='word_1_139' title='bbox 0 1564 4 1623; x_wconf 62' lang='grc' dir='ltr'>Ἰ</span> <span class='ocrx_word' id='word_1_140' title='bbox 143 1565 538 1631; x_wconf 81' lang='grc' dir='ltr'><strong><em>σπουδάζεται,</em></strong></span> <span class='ocrx_word' id='word_1_141' title='bbox 567 1560 872 1631; x_wconf 80' lang='grc' dir='ltr'><strong><em>ἀναμεῖναί</em></strong></span> <span class='ocrx_word' id='word_1_142' title='bbox 893 1582 1049 1626; x_wconf 90' lang='grc' dir='ltr'><strong><em>τινας</em></strong></span> <span class='ocrx_word' id='word_1_143' title='bbox 1077 1564 1140 1617; x_wconf 83' lang='grc' dir='ltr'><strong><em>ἐν</em></strong></span> <span class='ocrx_word' id='word_1_144' title='bbox 1166 1566 1344 1634; x_wconf 83' lang='grc' dir='ltr'><strong><em>ταύτῃ</em></strong></span> <span class='ocrx_word' id='word_1_145' title='bbox 1371 1567 1485 1617; x_wconf 78' lang='grc' dir='ltr'><strong><em>τῶν</em></strong></span> <span class='ocrx_word' id='word_1_146' title='bbox 1515 1564 1850 1631; x_wconf 83' lang='grc' dir='ltr'><strong><em>ἐπιτηδείων</em></strong></span> 
     </span>
     <span class='ocr_line' id='line_1_18' title="bbox 142 1650 586 1719; baseline -0.005 -17"><span class='ocrx_word' id='word_1_147' title='bbox 142 1650 586 1719; x_wconf 79' lang='grc' dir='ltr'><strong><em>συντεταγμένῳ.</em></strong></span> 
     </span>
     <span class='ocr_line' id='line_1_19' title="bbox 249 1726 1916 1803; baseline 0.001 -17"><span class='ocrx_word' id='word_1_148' title='bbox 249 1734 506 1802; x_wconf 75' lang='grc' dir='ltr'><strong><em>σκάφους</em></strong></span> <span class='ocrx_word' id='word_1_149' title='bbox 540 1726 646 1786; x_wconf 81' lang='grc' dir='ltr'><strong><em>οὖν</em></strong></span> <span class='ocrx_word' id='word_1_150' title='bbox 685 1731 981 1800; x_wconf 83' lang='grc' dir='ltr'><strong><em>ἐπιβάντες</em></strong></span> <span class='ocrx_word' id='word_1_151' title='bbox 1018 1734 1224 1801; x_wconf 76' lang='grc' dir='ltr'><strong><em>(πολλὰ</em></strong></span> <span class='ocrx_word' id='word_1_152' title='bbox 1261 1735 1323 1787; x_wconf 80' lang='grc' dir='ltr'><strong><em>δὲ</em></strong></span> <span class='ocrx_word' id='word_1_153' title='bbox 1359 1735 1489 1803; x_wconf 83' lang='grc' dir='ltr'><strong><em>περὶ</em></strong></span> <span class='ocrx_word' id='word_1_154' title='bbox 1523 1734 1629 1803; x_wconf 86' lang='grc' dir='ltr'><strong><em>τὴν</em></strong></span> <span class='ocrx_word' id='word_1_155' title='bbox 1658 1730 1839 1801; x_wconf 79' lang='grc' dir='ltr'><strong><em>ὄχθην</em></strong></span> <span class='ocrx_word' id='word_1_156' title='bbox 1865 1736 1916 1788; x_wconf 69' lang='lat'><strong><em>22</em></strong></span> 
     </span>
     <span class='ocr_line' id='line_1_20' title="bbox 145 1817 1849 1890; baseline -0.001 -18"><span class='ocrx_word' id='word_1_157' title='bbox 145 1817 422 1872; x_wconf 81' lang='grc' dir='ltr'><strong><em>ἐσάλευον</em></strong></span> <span class='ocrx_word' id='word_1_158' title='bbox 450 1819 528 1880; x_wconf 84' lang='grc' dir='ltr'><strong><em>εἰς</em></strong></span> <span class='ocrx_word' id='word_1_159' title='bbox 563 1820 758 1887; x_wconf 87' lang='grc' dir='ltr'><strong><em>χρείαν</em></strong></span> <span class='ocrx_word' id='word_1_160' title='bbox 783 1821 885 1870; x_wconf 88' lang='grc' dir='ltr'><strong><em>τοῦ</em></strong></span> <span class='ocrx_word' id='word_1_161' title='bbox 913 1819 1362 1888; x_wconf 80' lang='grc' dir='ltr'><strong><em>διαπορθμεύειν</em></strong></span> <span class='ocrx_word' id='word_1_162' title='bbox 1391 1819 1481 1872; x_wconf 80' lang='grc' dir='ltr'><strong><em>ἐπὶ</em></strong></span> <span class='ocrx_word' id='word_1_163' title='bbox 1519 1822 1708 1890; x_wconf 77' lang='grc' dir='ltr'><strong><em>μισθῷ</em></strong></span> <span class='ocrx_word' id='word_1_164' title='bbox 1735 1837 1849 1871; x_wconf 81' lang='grc' dir='ltr'><strong><em>πα-</em></strong></span> 
     </span>
     <span class='ocr_line' id='line_1_21' title="bbox 69 1901 1849 1974; baseline 0.002 -22"><span class='ocrx_word' id='word_1_165' title='bbox 69 1919 111 1953; x_wconf 80' lang='lat'><strong><em>20</em></strong></span> <span class='ocrx_word' id='word_1_166' title='bbox 144 1903 590 1973; x_wconf 90' lang='grc' dir='ltr'><strong><em>ρεσκευασμένα)</em></strong></span> <span class='ocrx_word' id='word_1_167' title='bbox 619 1906 987 1970; x_wconf 84' lang='grc' dir='ltr'><strong><em>περαιοῦνται</em></strong></span> <span class='ocrx_word' id='word_1_168' title='bbox 1014 1901 1153 1973; x_wconf 85' lang='grc' dir='ltr'><strong><em>πρὸς</em></strong></span> <span class='ocrx_word' id='word_1_169' title='bbox 1179 1903 1282 1974; x_wconf 82' lang='grc' dir='ltr'><strong><em>τὴν</em></strong></span> <span class='ocrx_word' id='word_1_170' title='bbox 1310 1904 1525 1974; x_wconf 86' lang='grc' dir='ltr'><strong><em>κώμην,</em></strong></span> <span class='ocrx_word' id='word_1_171' title='bbox 1557 1909 1634 1966; x_wconf 85' lang='grc' dir='ltr'><strong><em>εἴς</em></strong></span> <span class='ocrx_word' id='word_1_172' title='bbox 1659 1923 1718 1957; x_wconf 92' lang='grc' dir='ltr'><strong><em>τε</em></strong></span> <span class='ocrx_word' id='word_1_173' title='bbox 1745 1901 1849 1972; x_wconf 76' lang='grc' dir='ltr'><strong><em>τὴν</em></strong></span> 
     </span>
     <span class='ocr_line' id='line_1_22' title="bbox 142 1980 1848 2059; baseline -0.001 -18"><span class='ocrx_word' id='word_1_174' title='bbox 142 1983 486 2058; x_wconf 64' lang='grc' dir='ltr'><strong><em>καταγωγὴτ]</em></strong></span> <span class='ocrx_word' id='word_1_175' title='bbox 502 1980 878 2057; x_wconf 81' lang='grc' dir='ltr'><strong><em>ἀφικνοῦνται</em></strong></span> <span class='ocrx_word' id='word_1_176' title='bbox 904 1980 975 2041; x_wconf 79' lang='grc' dir='ltr'><strong><em>οὗ</em></strong></span> <span class='ocrx_word' id='word_1_177' title='bbox 1002 1991 1275 2043; x_wconf 86' lang='grc' dir='ltr'><strong><em>κατέλυεν</em></strong></span> <span class='ocrx_word' id='word_1_178' title='bbox 1302 1988 1331 2043; x_wconf 86' lang='grc' dir='ltr'><em>ὁ</em></span> <span class='ocrx_word' id='word_1_179' title='bbox 1359 1990 1695 2059; x_wconf 86' lang='grc' dir='ltr'><strong><em>πρεσβύτης.</em></strong></span> <span class='ocrx_word' id='word_1_180' title='bbox 1755 1989 1848 2041; x_wconf 82' lang='grc' dir='ltr'><strong><em>καὶ</em></strong></span> 
     </span>
     <span class='ocr_line' id='line_1_23' title="bbox 140 2071 1847 2144; baseline -0.001 -17"><span class='ocrx_word' id='word_1_181' title='bbox 140 2071 240 2127; x_wconf 85' lang='grc' dir='ltr'><strong><em>τὸν</em></strong></span> <span class='ocrx_word' id='word_1_182' title='bbox 265 2074 369 2142; x_wconf 74' lang='grc' dir='ltr'><strong><em>μὲν</em></strong></span> <span class='ocrx_word' id='word_1_183' title='bbox 396 2076 497 2126; x_wconf 87' lang='grc' dir='ltr'><strong><em>τοῦ</em></strong></span> <span class='ocrx_word' id='word_1_184' title='bbox 525 2077 687 2126; x_wconf 84' lang='grc' dir='ltr'><strong><em>οἴκου</em></strong></span> <span class='ocrx_word' id='word_1_185' title='bbox 710 2073 992 2143; x_wconf 90' lang='grc' dir='ltr'><strong><em>δεσπότην</em></strong></span> <span class='ocrx_word' id='word_1_186' title='bbox 1019 2073 1087 2127; x_wconf 84' lang='grc' dir='ltr'><strong><em>οὐ</em></strong></span> <span class='ocrx_word' id='word_1_187' title='bbox 1115 2076 1672 2144; x_wconf 88' lang='grc' dir='ltr'><strong><em>καταλαμβάνουσιν,</em></strong></span> <span class='ocrx_word' id='word_1_188' title='bbox 1702 2072 1847 2127; x_wconf 81' lang='grc' dir='ltr'><strong><em>ὑπο-</em></strong></span> 
     </span>
     <span class='ocr_line' id='line_1_24' title="bbox 142 2155 1849 2230; baseline -0.001 -18"><span class='ocrx_word' id='word_1_189' title='bbox 142 2161 396 2228; x_wconf 87' lang='grc' dir='ltr'><strong><em>δέχονται</em></strong></span> <span class='ocrx_word' id='word_1_190' title='bbox 453 2158 512 2211; x_wconf 79' lang='grc' dir='ltr'><strong><em>δὲ</em></strong></span> <span class='ocrx_word' id='word_1_191' title='bbox 570 2155 779 2220; x_wconf 79' lang='grc' dir='ltr'><strong><em>αὐτοὺς</em></strong></span> <span class='ocrx_word' id='word_1_192' title='bbox 840 2160 1247 2229; x_wconf 85' lang='grc' dir='ltr'><strong><em>προθυμότατα</em></strong></span> <span class='ocrx_word' id='word_1_193' title='bbox 1303 2160 1562 2230; x_wconf 90' lang='grc' dir='ltr'><strong><em>θυγάτηρ</em></strong></span> <span class='ocrx_word' id='word_1_194' title='bbox 1624 2179 1685 2213; x_wconf 92' lang='grc' dir='ltr'><strong><em>τε</em></strong></span> <span class='ocrx_word' id='word_1_195' title='bbox 1747 2162 1849 2212; x_wconf 87' lang='grc' dir='ltr'><strong><em>τοῦ</em></strong></span> 
     </span>
     <span class='ocr_line' id='line_1_25' title="bbox 143 2225 1849 2315; baseline -0.001 -18"><span class='ocrx_word' id='word_1_196' title='bbox 143 2242 461 2310; x_wconf 82' lang='grc' dir='ltr'><strong><em>ἑστιάτορος</em></strong></span> <span class='ocrx_word' id='word_1_197' title='bbox 507 2239 612 2311; x_wconf 79' lang='grc' dir='ltr'><strong><em>ἤδη</em></strong></span> <span class='ocrx_word' id='word_1_198' title='bbox 644 2242 845 2312; x_wconf 58' lang='grc' dir='ltr'><strong><em>&gt;γάμου</em></strong></span> <span class='ocrx_word' id='word_1_199' title='bbox 888 2240 1103 2314; x_wconf 46' lang='lat' dir='ltr'><strong><em>§goe—Coc,</em></strong></span> <span class='ocrx_word' id='word_1_200' title='bbox 1156 2225 1562 2315; x_wconf 58' lang='lat' dir='ltr'><strong><em>&amp;spafflffisg</em></strong></span> <span class='ocrx_word' id='word_1_201' title='bbox 1607 2265 1668 2299; x_wconf 90' lang='grc' dir='ltr'><strong><em>τε</em></strong></span> <span class='ocrx_word' id='word_1_202' title='bbox 1722 2243 1849 2298; x_wconf 85' lang='grc' dir='ltr'><strong><em>ὅσαι</em></strong></span> 
     </span>
     <span class='ocr_line' id='line_1_26' title="bbox 71 2324 1848 2401; baseline 0.003 -25"><span class='ocrx_word' id='word_1_203' title='bbox 71 2343 114 2376; x_wconf 81' lang='lat'><strong><em>25</em></strong></span> <span class='ocrx_word' id='word_1_204' title='bbox 144 2327 284 2382; x_wconf 84' lang='grc' dir='ltr'><strong><em>κατὰ</em></strong></span> <span class='ocrx_word' id='word_1_205' title='bbox 311 2324 414 2396; x_wconf 81' lang='grc' dir='ltr'><strong><em>τὴν</em></strong></span> <span class='ocrx_word' id='word_1_206' title='bbox 443 2329 650 2397; x_wconf 81' lang='grc' dir='ltr'><strong><em>οἰκίαν,</em></strong></span> <span class='ocrx_word' id='word_1_207' title='bbox 675 2331 734 2381; x_wconf 85' lang='grc' dir='ltr'><strong><em>αἳ</em></strong></span> <span class='ocrx_word' id='word_1_208' title='bbox 757 2330 858 2382; x_wconf 90' lang='grc' dir='ltr'><strong><em>τὸν</em></strong></span> <span class='ocrx_word' id='word_1_209' title='bbox 885 2330 1047 2394; x_wconf 83' lang='grc' dir='ltr'><strong><em>ξένον</em></strong></span> <span class='ocrx_word' id='word_1_210' title='bbox 1075 2335 1168 2383; x_wconf 85' lang='grc' dir='ltr'><strong><em>ἴσα</em></strong></span> <span class='ocrx_word' id='word_1_211' title='bbox 1195 2331 1289 2384; x_wconf 85' lang='grc' dir='ltr'><strong><em>καὶ</em></strong></span> <span class='ocrx_word' id='word_1_212' title='bbox 1315 2333 1527 2399; x_wconf 89' lang='grc' dir='ltr'><strong><em>πατέρα</em></strong></span> <span class='ocrx_word' id='word_1_213' title='bbox 1556 2324 1848 2401; x_wconf 46' lang='lat' dir='ltr'><strong><em>5702),spss-</em></strong></span> 
     </span>
     <span class='ocr_line' id='line_1_27' title="bbox 141 2406 1851 2486; baseline 0.001 -21"><span class='ocrx_word' id='word_1_214' title='bbox 141 2430 274 2481; x_wconf 90' lang='grc' dir='ltr'><strong><em>τως,</em></strong></span> <span class='ocrx_word' id='word_1_215' title='bbox 303 2409 484 2481; x_wconf 82' lang='grc' dir='ltr'><strong><em>οἶμαι,</em></strong></span> <span class='ocrx_word' id='word_1_216' title='bbox 515 2411 657 2480; x_wconf 89' lang='grc' dir='ltr'><strong><em>πρὸς</em></strong></span> <span class='ocrx_word' id='word_1_217' title='bbox 680 2418 784 2466; x_wconf 92' lang='grc' dir='ltr'><strong><em>τοῦ</em></strong></span> <span class='ocrx_word' id='word_1_218' title='bbox 811 2415 1156 2484; x_wconf 85' lang='grc' dir='ltr'><strong><em>κεκτημένου</em></strong></span> <span class='ocrx_word' id='word_1_219' title='bbox 1184 2406 1654 2486; x_wconf 53' lang='grc' dir='ltr'><strong><em>διατεταγμένον)</em></strong></span> <span class='ocrx_word' id='word_1_220' title='bbox 1695 2412 1782 2467; x_wconf 78' lang='grc' dir='ltr'><strong><em>καὶ</em></strong></span> <span class='ocrx_word' id='word_1_221' title='bbox 1812 2413 1851 2483; x_wconf 72' lang='grc' dir='ltr'><strong><em>η’</em></strong></span> 
     </span>
     <span class='ocr_line' id='line_1_28' title="bbox 26 2495 1850 2573; baseline 0 -21"><span class='ocrx_word' id='word_1_222' title='bbox 26 2519 58 2573; x_wconf 56' lang='lat'><strong><em>4.</em></strong></span> <span class='ocrx_word' id='word_1_223' title='bbox 141 2499 245 2567; x_wconf 90' lang='grc' dir='ltr'><strong><em>μέν</em></strong></span> <span class='ocrx_word' id='word_1_224' title='bbox 271 2517 352 2560; x_wconf 86' lang='grc' dir='ltr'><strong><em>τις</em></strong></span> <span class='ocrx_word' id='word_1_225' title='bbox 378 2495 597 2564; x_wconf 83' lang='grc' dir='ltr'><strong><em>ἀπένιζε</em></strong></span> <span class='ocrx_word' id='word_1_226' title='bbox 632 2496 708 2552; x_wconf 74' lang='grc' dir='ltr'><strong><em>τω</em></strong></span> <span class='ocrx_word' id='word_1_227' title='bbox 750 2499 887 2552; x_wconf 90' lang='grc' dir='ltr'><strong><em>πόδε</em></strong></span> <span class='ocrx_word' id='word_1_228' title='bbox 925 2501 1018 2552; x_wconf 83' lang='grc' dir='ltr'><strong><em>καὶ</em></strong></span> <span class='ocrx_word' id='word_1_229' title='bbox 1053 2505 1150 2570; x_wconf 82' lang='grc' dir='ltr'><strong><em>τῆς</em></strong></span> <span class='ocrx_word' id='word_1_230' title='bbox 1189 2503 1401 2564; x_wconf 88' lang='grc' dir='ltr'><strong><em>κόνεως</em></strong></span> <span class='ocrx_word' id='word_1_231' title='bbox 1435 2500 1756 2570; x_wconf 76' lang='grc' dir='ltr'><strong><em>ἠλευθέρου</em></strong></span> <span class='ocrx_word' id='word_1_232' title='bbox 1783 2496 1850 2552; x_wconf 86' lang='grc' dir='ltr'><strong><em>τά</em></strong></span> 
     </span>
     <span class='ocr_line' id='line_1_29' title="bbox 14 2579 1849 2657; baseline 0.001 -21"><span class='ocrx_word' id='word_1_233' title='bbox 14 2579 53 2656; x_wconf 89' lang='lat'><em>3</em></span> <span class='ocrx_word' id='word_1_234' title='bbox 141 2581 255 2636; x_wconf 83' lang='grc' dir='ltr'><strong><em>ὑπὸ</em></strong></span> <span class='ocrx_word' id='word_1_235' title='bbox 291 2582 540 2652; x_wconf 83' lang='grc' dir='ltr'><strong><em>κνήμην,</em></strong></span> <span class='ocrx_word' id='word_1_236' title='bbox 578 2579 615 2651; x_wconf 76' lang='grc' dir='ltr'><em>ἢ</em></span> <span class='ocrx_word' id='word_1_237' title='bbox 653 2584 714 2636; x_wconf 80' lang='grc' dir='ltr'><strong><em>δὲ</em></strong></span> <span class='ocrx_word' id='word_1_238' title='bbox 755 2584 1045 2653; x_wconf 77' lang='grc' dir='ltr'><strong><em>ἐφρόντιζε</em></strong></span> <span class='ocrx_word' id='word_1_239' title='bbox 1082 2590 1179 2654; x_wconf 81' lang='grc' dir='ltr'><strong><em>τῆς</em></strong></span> <span class='ocrx_word' id='word_1_240' title='bbox 1217 2586 1386 2657; x_wconf 83' lang='grc' dir='ltr'><strong><em>εὐνῆς</em></strong></span> <span class='ocrx_word' id='word_1_241' title='bbox 1425 2587 1517 2639; x_wconf 87' lang='grc' dir='ltr'><strong><em>καὶ</em></strong></span> <span class='ocrx_word' id='word_1_242' title='bbox 1543 2584 1849 2655; x_wconf 81' lang='grc' dir='ltr'><strong><em>μαλθακὴν</em></strong></span> 
     </span>
     <span class='ocr_line' id='line_1_30' title="bbox 3 2665 1849 2741; baseline 0.001 -22"><span class='ocrx_word' id='word_1_243' title='bbox 3 2669 38 2731; x_wconf 57' lang='grc' dir='ltr'><strong><em>’ξ</em></strong></span> <span class='ocrx_word' id='word_1_244' title='bbox 142 2665 436 2737; x_wconf 82' lang='grc' dir='ltr'><strong><em>ηὐτρέπιζε</em></strong></span> <span class='ocrx_word' id='word_1_245' title='bbox 484 2665 587 2736; x_wconf 80' lang='grc' dir='ltr'><strong><em>τήν</em></strong></span> <span class='ocrx_word' id='word_1_246' title='bbox 636 2669 992 2722; x_wconf 85' lang='grc' dir='ltr'><strong><em>κατάκλισιν·</em></strong></span> <span class='ocrx_word' id='word_1_247' title='bbox 1051 2670 1208 2740; x_wconf 83' lang='grc' dir='ltr'><strong><em>ἑτέρα</em></strong></span> <span class='ocrx_word' id='word_1_248' title='bbox 1259 2672 1483 2741; x_wconf 89' lang='grc' dir='ltr'><strong><em>κάλπην</em></strong></span> <span class='ocrx_word' id='word_1_249' title='bbox 1536 2674 1705 2739; x_wconf 83' lang='grc' dir='ltr'><strong><em>ἔφερε</em></strong></span> <span class='ocrx_word' id='word_1_250' title='bbox 1755 2670 1849 2721; x_wconf 85' lang='grc' dir='ltr'><strong><em>καὶ</em></strong></span> 
     </span>
     <span class='ocr_line' id='line_1_31' title="bbox 4 2749 1849 2826; baseline 0.003 -26"><span class='ocrx_word' id='word_1_251' title='bbox 4 2772 13 2775; x_wconf 49' lang='grc'><strong><em>’·</em></strong></span> <span class='ocrx_word' id='word_1_252' title='bbox 70 2756 260 2820; x_wconf 14' lang='grc' dir='ltr'><strong><em>εογπῦρ</em></strong></span> <span class='ocrx_word' id='word_1_253' title='bbox 300 2749 554 2819; x_wconf 84' lang='grc' dir='ltr'><strong><em>ἀνέκαιε,</em></strong></span> <span class='ocrx_word' id='word_1_254' title='bbox 595 2753 687 2806; x_wconf 88' lang='grc' dir='ltr'><strong><em>καὶ</em></strong></span> <span class='ocrx_word' id='word_1_255' title='bbox 715 2750 857 2823; x_wconf 77' lang='grc' dir='ltr'><strong><em>ἄλλη</em></strong></span> <span class='ocrx_word' id='word_1_256' title='bbox 884 2753 1164 2822; x_wconf 81' lang='grc' dir='ltr'><strong><em>τράπεζαν</em></strong></span> <span class='ocrx_word' id='word_1_257' title='bbox 1205 2758 1545 2826; x_wconf 84' lang='grc' dir='ltr'><strong><em>εἰσεφέρετο,</em></strong></span> <span class='ocrx_word' id='word_1_258' title='bbox 1587 2753 1763 2823; x_wconf 77' lang='grc' dir='ltr'><strong><em>ἄρτου</em></strong></span> <span class='ocrx_word' id='word_1_259' title='bbox 1789 2772 1849 2805; x_wconf 89' lang='grc' dir='ltr'><strong><em>τε</em></strong></span> 
     </span>
     <span class='ocr_line' id='line_1_32' title="bbox 3 2835 1848 2910; baseline -0.001 -20"><span class='ocrx_word' id='word_1_260' title='bbox 3 2837 9 2840; x_wconf 61' lang='grc'><em>’</em></span> <span class='ocrx_word' id='word_1_261' title='bbox 143 2839 392 2903; x_wconf 85' lang='grc' dir='ltr'><strong><em>πυρίνου</em></strong></span> <span class='ocrx_word' id='word_1_262' title='bbox 431 2836 526 2890; x_wconf 83' lang='grc' dir='ltr'><strong><em>καὶ</em></strong></span> <span class='ocrx_word' id='word_1_263' title='bbox 564 2835 1117 2905; x_wconf 39' lang='grc' dir='ltr'><strong><em>ώραίωνγπαντοίων</em></strong></span> <span class='ocrx_word' id='word_1_264' title='bbox 1154 2844 1495 2910; x_wconf 88' lang='grc' dir='ltr'><strong><em>βρίθουσαν.</em></strong></span> <span class='ocrx_word' id='word_1_265' title='bbox 1579 2835 1608 2890; x_wconf 83' lang='grc' dir='ltr'><em>ὃ</em></span> <span class='ocrx_word' id='word_1_266' title='bbox 1647 2837 1712 2905; x_wconf 85' lang='grc' dir='ltr'><strong><em>δὴ</em></strong></span> <span class='ocrx_word' id='word_1_267' title='bbox 1755 2837 1848 2889; x_wconf 80' lang='grc' dir='ltr'><strong><em>καὶ</em></strong></span> 
     </span>
     <span class='ocr_line' id='line_1_33' title="bbox 143 2915 1848 2993; baseline 0 -20"><span class='ocrx_word' id='word_1_268' title='bbox 143 2921 394 2990; x_wconf 83' lang='grc' dir='ltr'><strong><em>Κνήμων</em></strong></span> <span class='ocrx_word' id='word_1_269' title='bbox 418 2923 748 2991; x_wconf 88' lang='grc' dir='ltr'><strong><em>θαυμάσας,</em></strong></span> <span class='ocrx_word' id='word_1_270' title='bbox 786 2921 910 2977; x_wconf 88' lang='grc' dir='ltr'><strong><em>ἀλλ’</em></strong></span> <span class='ocrx_word' id='word_1_271' title='bbox 939 2915 975 2992; x_wconf 81' lang='grc' dir='ltr'><strong><em>ἧ</em></strong></span> <span class='ocrx_word' id='word_1_272' title='bbox 1005 2925 1192 2989; x_wconf 85' lang='grc' dir='ltr'><strong><em>ξενίου</em></strong></span> <span class='ocrx_word' id='word_1_273' title='bbox 1219 2926 1386 2993; x_wconf 85' lang='grc' dir='ltr'><strong><em>Διός,</em></strong></span> <span class='ocrx_word' id='word_1_274' title='bbox 1425 2922 1497 2987; x_wconf 78' lang='grc' dir='ltr'><strong><em>ὠς</em></strong></span> <span class='ocrx_word' id='word_1_275' title='bbox 1525 2927 1729 2990; x_wconf 74' lang='grc' dir='ltr'><strong><em>ε’ὀικεν,</em></strong></span> <span class='ocrx_word' id='word_1_276' title='bbox 1770 2922 1848 2983; x_wconf 82' lang='grc' dir='ltr'><strong><em>εἰς</em></strong></span> 
     </span>
     <span class='ocr_line' id='line_1_34' title="bbox 1468 3029 1501 3054; baseline 0 0"><span class='ocrx_word' id='word_1_277' title='bbox 1468 3029 1501 3054; x_wconf 61' lang='lat' dir='ltr'>Q</span> 
     </span>
    </p>
   </div>
   <div class='ocr_carea' id='block_1_3' title="bbox 0 0 31 1269">
    <p class='ocr_par' dir='ltr' id='par_1_3' title="bbox 0 0 31 1269">
     <span class='ocr_line' id='line_1_35' title="bbox 0 0 31 1269; baseline 0 0"><span class='ocrx_word' id='word_1_278' title='bbox 0 0 31 1269; x_wconf 95' lang='lat' dir='ltr'><strong><em> </em></strong></span> 
     </span>
    </p>
   </div>
  </div>
 </body>
</html>
