1916 3132
669 133 798 195 off.
829 148 1190 194 xxa-xxm
1662 149 1771 204 241

81 275 228 327 esset
271 272 477 326 editum
520 274 810 325 necaretur.
889 274 945 323 at
982 270 1074 323 illa
1116 288 1212 340 per
1255 270 1575 324 absentiam
1587 272 1772 329 mariti

83 350 267 400 natam
296 346 531 416 puellam
561 346 882 415 (perimere)
913 334 1076 398 insita
1105 345 1367 398 matribus
1396 346 1596 416 pietate
1626 347 1775 416 prae

84 407 274 491 uental
301 420 528 474 desciuit
565 420 632 472 ab
671 419 928 488 obsequio
967 420 1149 472 mariti
1179 438 1400 489 eamque
1430 420 1667 490 prodidit
1695 421 1774 475 ui·

88 495 224 549 cinis
262 489 674 548 alumnandam
682 511 1031 564 regressoque
1077 495 1183 547 iam
1230 494 1425 548 marito
1469 498 1666 548 natam
1687 513 1775 550 ne·—

16 589 67 623 5
86 573 368 654 catamque
420 567 706 621 nuntiauit.
789 568 884 621 sed
936 569 1030 621 ubi
1081 569 1182 621 flos
1235 570 1428 638 aetatis
1481 568 1775 639 nuptialem

85 643 287 714 uirgini
318 642 459 695 diem
489 642 783 712 flagitabat,
820 661 919 695 nec
950 643 1138 712 ignaro
1169 643 1363 696 marito
1394 644 1578 697 dotare
1606 644 1775 698 filiam

87 736 186 788 pro
219 716 493 770 natalibus
533 717 735 786 quibat,
781 717 925 786 quod
968 717 1142 770 solum
1179 718 1374 787 potuit,
1411 718 1524 771 filio
1563 736 1661 772 suo
1700 722 1775 772 tar

84 793 254 846 citum
291 795 555 844 secretum
595 791 817 860 aperuit.
878 809 1002 843 nam
1041 795 1095 844 et
1133 792 1328 860 oppido
1367 793 1654 845 uerebatur
1690 812 1777 847 ne-

87 883 195 945 quo
218 883 345 919 casu
370 866 560 918 caloris
586 865 848 918 iuuenalis
873 866 1077 935 impetu
1101 866 1283 935 lapsus
1307 867 1515 919 nescius
1543 867 1777 921 nesciam

14 960 64 994 ao
85 958 324 994 sororem
369 939 676 993 incurreret.
754 940 848 993 sed
892 940 1109 1023 pietatis
1156 944 1423 1009 spectatae
1471 942 1706 995 iuuenis
1698 942 1779 996 et

84 1015 274 1068 matris
311 1014 628 1098 obsequium
667 1017 722 1067 et
758 1015 959 1068 sororis
1006 1014 1244 1067 officium
1281 1015 1530 1086 religiose
1570 999 1777 1086 dispen-

85 1092 173 1142 sat
207 1092 278 1158 et,
316 1089 522 1141 arcanis
554 1089 744 1141 domus
782 1089 1105 1141 uenerabilis
1136 1089 1338 1142 silentii
1370 1089 1641 1143 custodiae
1673 1094 1776 1144 tra»

85 1163 232 1232 ditis,
281 1162 544 1231 plebeiam
592 1163 728 1215 facie
774 1166 931 1215 tenus
974 1164 1326 1232 praetendens
1371 1163 1778 1235 humanitatem,

85 1237 164 1290 sic
197 1237 554 1290 necessarium
586 1238 865 1307 sanguinis
896 1238 982 1290 sui
1012 1256 1207 1290 munus
1239 1238 1562 1308 adgreditur,
1601 1243 1663 1292 ut
1693 1240 1776 1293 ἅθ’»

14 1331 63 1366 u
86 1311 312 1365 solatam
350 1312 583 1369 uicinam
613 1311 847 1381 puellam
878 1315 1267 1381 parentumque
1298 1312 1563 1381 praesidio
1594 1314 1779 1367 uidua-

84 1388 197 1438 tam
246 1386 437 1438 dom‘ffs
486 1404 612 1438 suae
661 1386 832 1439 tutela
880 1389 1176 1455 receptaret
1226 1405 1287 1439 ac
1331 1405 1457 1439 mox
1505 1388 1776 1444 artissimo

84 1459 422 1529 multumque
468 1460 572 1512 sibi
612 1460 805 1513 dilecto
844 1461 1234 1530 contubernali,
1279 1461 1507 1531 largitus
1554 1462 1618 1515 de
1655 1481 1776 1532 pro·

83 1534 204 1604 prio
250 1534 429 1587 dotem
473 1534 867 1603 liberalissime,
913 1535 1158 1588 traderet.
1234 1534 1461 1588 XXIII.I
1514 1537 1607 1589 sed
1645 1536 1796 1607 hacc,

82 1608 220 1662 bene
259 1611 419 1678 atque
450 1609 651 1677 optime
681 1607 943 1678 plenaque
975 1627 1096 1662 cum
1126 1609 1481 1662 sanctimonia
1513 1610 1776 1683 disposita
1795 1610 1832 1618 “’

14 1702 64 1738 so
82 1682 304 1736 feralem
347 1682 618 1735 Fortunae
660 1687 853 1737 nutum
897 1683 1063 1736 latere
1109 1702 1217 1736 non
1261 1687 1575 1754 potuerunt,
1621 1686 1774 1738 cuius

86 1756 347 1809 instinctu
387 1756 604 1809 domum
645 1758 854 1810 iuuenis
892 1757 1137 1826 protinus
1177 1776 1233 1810 se
1273 1757 1469 1811 direxit
1501 1778 1662 1812 saeua
1688 1760 1777 1812 Ri-

86 1829 295 1883 ualitas
372 1834 427 1883 et
471 1831 596 1884 ilico
649 1831 779 1884 haec
833 1831 1015 1885 eadem
1069 1850 1206 1884 uxor
1259 1833 1395 1902 eiuS,
1451 1851 1585 1902 quae
1636 1837 1778 1886 nunc

86 1904 274 1957 bestiis
305 1907 525 1974 propter
554 1905 731 1958 haec'
717 1924 834 1974 1psa
863 1906 1038 1959 fuerat
1069 1906 1297 1975 addicta,
1335 1907 1512 1994 coepit
1543 1907 1777 1991 puellam

85 1978 238 2032 uelut
286 1978 549 2031 aemulam
595 1980 702 2032 tori
746 1998 929 2033 succu-
967 1980 1042 2049 [p.
1063 1981 1182 2033 197.
1199 1980 1287 2049 E]
1328 1964 1555 2049 bamque
1601 1982 1777 2050 primo

18 2073 65 2109 ιε
88 2052 347 2122 suspicari
385 2052 576 2106 dehinc
623 2054 875 2106 detestari
921 2054 1111 2106 dehinc
1150 2054 1532 2107 crudelissimis
1570 2055 1777 2125 laqueis

87 2127 279 2180 mortis
325 2127 581 2181 insidiari.
658 2127 765 2180 tale
813 2129 1040 2197 denique
1089 2128 1510 2181 comminiscitur
1555 2129 1776 2183 facinus

200 2199 380 2254 Anulo
418 2202 599 2254 mariti
637 2206 884 2271 surrepto
916 2221 1007 2254 rus
1038 2202 1282 2271 profecta
1313 2203 1483 2255 mittit
1515 2205 1779 2273 quendam

87 2274 363 2328 seruulum
388 2276 506 2329 eibi
545 2277 759 2346 quidem
796 2276 1009 2329 fidelem
1050 2277 1142 2329 sed
1173 2277 1236 2329 de
1268 2277 1386 2346 ipsa
1415 2278 1519 2330 fide
1550 2279 1779 2347 pessime

89 2351 396 2419 merentem,
449 2350 542 2419 qui
593 2351 803 2419 puellae
859 2351 1154 2419 nuntiaret,
1208 2351 1351 2419 quod
1404 2370 1520 2404 eam
1569 2353 1779 2406 iuuenis

212 2512 236 2551 1
266 2522 352 2565 per
381 2508 646 2555 absentiam
677 2512 892 2556 Beroald.
936 2524 1049 2567 prae
1082 2511 1373 2556 abstinentia
1403 2514 1503 2558 cdd.
1552 2527 1664 2569 prae
1697 2514 1779 2558 ab·

89 2566 250 2612 sentia
281 2567 332 2612 E.
444 2574 469 2612 2
502 2569 798 2637 (perimere)
825 2571 1001 2614 inserui
1032 2570 1266 2636 (necare)
1291 2573 1364 2615 uel
1389 2572 1618 2631 (necari)
1645 2573 1776 2618 Hizd

88 2622 121 2670 ’3
157 2626 388 2685 prodidit]
425 2642 537 2672 num
574 2629 774 2673 tradidit
813 2631 887 2674 uel
925 2628 1166 2673 credidit?
1288 2635 1314 2674 9
1353 2631 1587 2675 iuuenalis
1627 2631 1663 2675 F
1704 2631 1779 2701 (lis

93 2685 147 2730 in
175 2700 265 2732 ras.
297 2701 354 2730 m.
387 2689 443 2742 r.)
474 2686 682 2732 iuuenali
715 2706 750 2744 φ
875 2693 988 2731 10-
994 2693 1046 2732 18
1078 2690 1215 2734 huius
1239 2691 1421 2746 periodi
1451 2691 1780 2748 inteopwnctioe

93 2757 197 2789 nem
232 2746 531 2791 emendarwnt
565 2747 679 2793 Oua.
706 2748 795 2792 Lu
831 2748 978 2792 Kron.
1110 2752 1252 2793 1314
1290 2750 1480 2794 traditis
1518 2750 1632 2796 Oud.
1686 2751 1783 2800 tra-

94 2801 221 2847 didit
257 2805 356 2849 cdd.
494 2809 552 2849 20
591 2806 836 2851 Fortunae
867 2812 908 2852 et
939 2806 1178 2851 Riualitas
1215 2810 1382 2865 scripsi
1419 2811 1475 2865 cf.
1510 2811 1780 2874 102.5.19·

89 2895 286 2948 ¹118.19;
311 2898 412 2938 202.
426 2898 449 2937 ’1
527 2898 582 2938 27
605 2895 819 2952 profecta
836 2896 1050 2941 Beroald
1082 2896 1291 2953 profecto
1316 2898 1415 2942 edd.
1496 2902 1551 2942 28
1577 2879 1668 2943 fide
1685 2899 1780 2998 Foep

95 2955 154 2994 29
184 2954 441 3011 merentem
470 2951 507 2995 F

183 3031 346 3066 Arva-1
331 3043 523 3068 xxm-AM.
547 3035 710 3070 ecLVIi
718 3040 762 3070 et
1373 3035 1426 3075 16
1491 3062 1524 3087 .
