1916 3132
0 0 478 263 w

838 143 1081 192 ΕΚΤΟΝ
1703 141 1804 194 159

0 243 68 335 Ι
32 301 67 362 35
102 281 290 337 ὕπνου
326 301 420 351 μοι
456 283 794 351 μεταλαβεῖν
835 282 1132 350 ε’νδέδωκε,
1173 281 1405 349 συνεχὲς
1441 277 1552 335 ὑπὸ
1581 283 1683 334 τοῦ
1710 282 1803 334 δέ-

0 361 4 395 ³³
102 387 202 432 ους
230 366 585 448 ἐκθνήσκων,
626 363 719 419 καὶ
748 364 886 434 ἐμοῦ
913 364 1214 435 πράγματα
1241 367 1467 434 ἔχοντος
1493 363 1635 419 ὥστε
1662 364 1803 419 ἄνα-

0 433 57 522 J'jj
103 451 438 522 λαμβάνεινέ
485 450 579 504 καὶ
619 452 669 504 εἰ
703 450 778 520 μὴ
820 454 1023 504 λυπεῖν
1059 449 1237 504 αὐτὸν
1262 450 1298 520 ἢ
1326 460 1519 504 πτοεῖν
1545 452 1801 519 ε’μελλον,

104 532 263 590 εἷπον
301 534 374 590 ἂν
409 535 501 590 καὶ
527 539 640 589 νῦν
663 533 914 605 τοῦνομα
943 557 984 589 ω
1016 538 1389 605 Ναυσίκλεις,
1431 533 1506 599 ὥς
1531 531 1604 589 ἂν
1630 537 1803 589 πλέον

101 620 324 694 γελῴης.
398 622 491 674 καὶ
530 620 643 690 ἅμα
684 621 855 691 ἐπῆγε
893 619 1272 691 τῆν’Θίσβηνῗ

207 704 302 760 καὶ
349 703 378 759 6
417 709 748 776 Ναυσικλῆς
786 705 949 775 ἐγέλα
987 707 1091 776 μὲν
1130 704 1345 775 οὐκέτι,
1386 703 1703 775 συνεσταλη
1742 703 1803 758 δὲ
1830 715 1863 767 2

63 787 69 850 ,Ῐ
101 788 241 861 πρὸς
277 789 380 862 τὴν
419 788 616 860 ἀκοήν,
667 792 759 844 καὶ
810 792 1058 854 σύννους
1097 793 1189 846 ἐπὶ
1227 794 1496 844 πλεῖστον
1538 790 1799 860 εἱστήκει,

100 877 391 946 διαπορῶν
417 861 768 946 προφάσεως
783 877 842 930 ἐκ
869 880 1033 940 ποίας
1059 874 1088 929 6
1115 876 1382 946 Κνήμων,
1422 871 1459 945 ἢ
1495 878 1649 938 τίνος
1682 895 1805 929 κοι-

65 998 68 1003 -
99 965 335 1032 νωνιάς,
343 957 409 1064 ἢ
435 965 491 1015 τί
514 962 796 1015 πεπόνθοι
822 960 965 1031 πρὸς
989 961 1241 1032 τοῦνομα
1269 966 1366 1032 τῆς
1394 964 1620 1031 Θίσβης.
1681 960 1800 1025 ἐξε-

101 1047 346 1117 κάγχασε
343 1031 441 1116 Ᾰδὴ
468 1045 609 1116 πρὸς
640 1050 815 1100 ταῦτα
851 1044 880 1100 6
906 1046 1175 1119 Κνήμων,
1214 1048 1308 1101 καὶ
1345 1067 1386 1101 ω
1421 1045 1583 1115 ’γαθὲ
1612 1046 1801 1099 Καλα-

99 1146 234 1202 σιρι,
263 1129 425 1204 ὁρᾷς,
464 1129 639 1201 εἶπεν,
678 1131 779 1201 ὅση
806 1152 888 1194 τις
913 1136 1014 1186 τοῦ
1042 1131 1314 1203 ὀνόματος
1337 1131 1371 1202 ἡ
1402 1132 1669 1201 δύναμις,
1710 1132 1804 1183 καὶ

59 1240 62 1241 ’
99 1215 174 1280 ὣς
211 1215 314 1270 οὐκ
356 1218 478 1286 ε’μοὶ
516 1217 670 1288 μόνῳ
708 1216 1143 1287 μορμολύκειον,
1184 1216 1257 1282 ὥς
1294 1217 1460 1281 αὐτὸς
1495 1221 1635 1288 φῄς,
1677 1213 1801 1269 ἀλλ’

96 1299 205 1406 ἤδη
245 1303 336 1354 καὶ
376 1305 699 1356 Ναυσικλεῖ
731 1305 971 1371 γίνεται;
1012 1306 1229 1372 μᾶλλον
1268 1304 1329 1357 δὲ
1368 1304 1464 1357 καὶ
1504 1299 1805 1371 ὁλοσχερὴς

98 1388 295 1456 γέγονε
322 1391 424 1441 τοῦ
450 1387 673 1450 παθους
698 1391 1033 1482 μετάστασις
1059 1390 1154 1442 καὶ
1179 1386 1521 1457 τοῦμπαλιν
1565 1385 1670 1456 ἐγω
1698 1405 1804 1455 μεν

98 1475 245 1542 γελω
255 1472 570 1547 ψινιόσκων
595 1470 780 1526 οὐκέτ’
807 1454 1008 1541 οὖσαϋ,
1039 1472 1067 1525 6
1096 1474 1157 1527 δὲ
1183 1474 1461 1542 γεννάδας
1486 1471 1620 1543 ἡμῖν
1640 1477 1804 1526 Ναυ-

62 1559 294 1626 ’σικλῆς
350 1559 443 1611 καὶ
498 1561 690 1628 πολλω
741 1559 941 1625 γέλωτι
990 1578 1105 1611 των
1153 1555 1341 1610 ἄλλων
1391 1537 1820 1626 κατοᾴτωθαζοόἶν1

48 1629 58 1651 ‘⁴²
101 1640 715 1711 ἐτύγχανε..,πέπαυσο,
745 1644 851 1712 ἔφη
880 1639 909 1695 6
935 1647 1295 1713 Ναυσικλῆς,
1324 1645 1417 1697 καὶ
1445 1642 1567 1706 ἅλις
1594 1658 1682 1696 σοι
1708 1647 1804 1713 τῆς

0 1750 13 1835 ᾗ
51 1733 57 1742 ²
101 1728 177 1789 εἰς
205 1727 300 1796 ἐμὲ
328 1725 545 1797 ἀμύνης
571 1718 615 1779 εὖ
639 1726 905 1796 Κνήμων.
957 1725 1098 1782 ἀλλά
1126 1729 1266 1797 πρὸς
1292 1729 1494 1793 ξενίων
1523 1727 1616 1782 καὶ
1643 1731 1803 1797 φιλί-

0 1863 2 1865 ,
100 1830 180 1864 ων
205 1816 379 1879 θεῶν,
420 1811 563 1881 πρὸς
599 1809 754 1865 ἁλῶν
781 1812 872 1866 καὶ
899 1814 1195 1884 τραπέζης,
1237 1806 1338 1882 ὦν,
1379 1813 1454 1878 ιὸς
1489 1811 1660 1882 οἶμαι,
1701 1834 1803 1883 φι-

0 1889 71 1959 {tzo
102 1895 463 1971 λανθρσόπων
491 1897 555 1949 ἐν
579 1893 850 1966 ἡμετέρου
878 1902 1251 1968 πεπείρασθε,
1290 1900 1470 1954 πόθεν
1495 1894 1578 1961 τὸζ
1592 1901 1804 1968 Θίσβης
1826 1907 1842 1923 ²

98 1977 272 2048 όνομα
313 1985 422 2034 εἴτε
459 1985 754 2052 γνωρίζετε
794 1988 904 2036 εἴτε
941 1986 1278 2055 πεφόβησθε
1305 1989 1415 2038 εἴτε
1443 1986 1677 2039 παιδιαν
1707 1983 1803 2053 ἐμὲ

0 2071 11 2133 -j
97 2068 430 2135 πεποίησθε,
470 2067 918 2137 καταμηνύσατε.
987 2068 1079 2122 καὶ
1119 2066 1147 2122 ὁ
1189 2070 1516 2141 Καλασιρις,
1559 2069 1655 2145 σος
1694 2073 1800 2141 ἔφη

0 2175 12 2210 ῃ
100 2146 127 2202 6
165 2149 347 2220 λόγος,
389 2172 431 2205 ω
459 2153 728 2221 Κνήμων,
771 2151 838 2206 ὃν
874 2154 1146 2217 πολλάκις
1180 2174 1276 2223 μοι
1310 2158 1562 2209 διελθεῖν
1588 2158 1803 2224 γνωσίν

44 2218 309 2306 'ff-{cmv
347 2255 487 2289 κατα
527 2236 774 2291 σεαυτὸν
812 2249 1123 2308 παρασχεῖν
1174 2240 1675 2310 έπαγγειλαμενος,
1726 2242 1804 2303 εἰς

0 2304 76 2417 {ap
105 2319 276 2389 δεῦρό
303 2339 360 2374 τε
388 2323 668 2385 ποικίλαις
693 2321 776 2377 ἀεὶ
804 2323 1136 2378 διαδύσεσιν
1157 2322 1562 2396 υπερθέμενος,
1587 2326 1650 2379 ἐν
1677 2345 1803 2379 και-

103 2406 183 2475 ρῷ
221 2405 401 2473 λέγοις
439 2404 511 2459 ἂν
548 2407 612 2460 τὸ
651 2407 854 2478 παρόν,
883 2412 1208 2464 Ναυσικλεῖ
1239 2431 1298 2464 τε
1337 2409 1449 2481 ἅμα
1475 2412 1618 2482 τῷδε
1643 2431 1799 2480 χαρι-

0 2429 21 2542 ὲ
75 2489 352 2558 ζόμενος,
393 2489 487 2544 καὶ
523 2487 658 2561 ἡμῖν
683 2491 783 2546 τὸν
810 2492 990 2548 πόνον
1015 2498 1114 2563 τῆς
1140 2492 1470 2565 ὁδοιπορίας
1498 2497 1803 2565 ἐπικουφί-

0 2568 11 2628 ‚⁵
0 2574 227 2679 ³{new
246 2573 339 2628 καὶ
376 2594 451 2627 τω
492 2577 792 2647 διηγήματι
835 2581 1237 2649 παραπέμπων.

0 2670 17 2738 ξ
48 2665 104 2718 13:
200 2657 456 2713 ἐπείθετο
496 2658 525 2714 6
562 2663 828 2737 Κνήμων,
869 2663 964 2717 καὶ
999 2666 1192 2733 ἔλεγεν
1227 2664 1448 2719 ἅπαντα
1490 2665 1803 2735 έπιτέμνων

0 2738 212 2841 ξῦὅσα
247 2740 353 2812 ἤδη
392 2749 470 2814 τῷ
500 2748 765 2815 Θεαγένει
792 2749 885 2801 καὶ
923 2749 989 2820 τῇ
1015 2753 1324 2821 Χαρικλεία
1363 2749 1800 2820 προδιηγήσατο,

99 2823 206 2895 τὴν
231 2830 473 2898 πατρίδα
499 2850 574 2893 ως
602 2828 925 2902 Ἀθηναῖος,
962 2831 1063 2887 τὸν
1088 2837 1299 2903 πατέρα
1326 2855 1399 2897 ως
1427 2833 1799 2904 Ἀρίστιππος,
1850 2855 1855 2861 ·

0 2897 18 2967 ἶ
51 2915 81 2999 '33-
103 2910 191 2964 καὶ
218 2909 322 2982 τὴν
348 2917 706 2986 Λημαινέτην
734 2915 817 2971 ὅτι
843 2917 1086 2987 μητρυιὰ
1114 2919 1359 2988 γεγόνοι.
1412 2919 1556 2989 διῄει
1583 2919 1674 2971 καὶ
1701 2915 1801 2970 τὸν

10 3081 14 3083 μ
1517 3062 1550 3087 Q

13 3121 29 3125 -.
63 3094 94 3132 ξι
1498 3109 1508 3117 .
