1916 3132
0 0 64 135 ξ
77 13 336 90 fflw
367 52 380 67 ‚
406 16 545 83 ψη
563 14 657 77 >2
699 35 733 44 -
986 0 1006 65 -'
1025 72 1031 81 ,

803 145 933 192 CAP.
966 145 1154 191 VII—X
1710 143 1818 197 229

134 269 247 338 ipse
286 286 393 322 non
431 286 650 338 possum
698 267 899 320 calcata
935 267 1216 320 numinum
1258 265 1515 337 religione
1555 267 1819 319 conscien-

132 344 262 397 tiam
301 361 473 396 meam
512 341 701 395 fallens
738 360 1015 411 perperam
1055 341 1414 411 pronuntiare.
1475 357 1602 411 ergo
1642 344 1703 393 ut
1733 359 1818 394 res

134 421 229 487 est,
268 417 332 471 de
370 436 455 470 me
494 416 810 487 cognoscite.

243 490 417 544 VIIII.
466 490 722 547 Furcifer.
746 491 861 559 iste,
907 507 1172 542 uenenum
1219 490 1640 559 praesentarium
1663 507 1818 542 ⁴com-

87 588 108 621 5
132 584 318 635 parare
349 565 610 619 sollicitus
643 568 960 633 centumque
994 583 1181 617 aureos
1213 564 1412 617 solidos
1445 565 1671 617 offerens
1701 583 1817 633 pre-

130 639 283 710 tium,
326 658 412 693 me
451 658 574 711 non
598 639 725 692 olim
765 642 1110 723 conuenerat,
1161 639 1304 708 quod
1352 641 1570 709 aegroto
1610 638 1834 692 cuidam.
1855 640 1883 695 ’.

132 714 340 767 dicebat
377 714 755 783 necessarium,
803 714 894 791 qui
941 714 1115 766 morbi
1164 713 1548 766 inextricabilis
1596 707 1816 767 ueterno
1864 761 1874 772 ,

130 787 472 842 uehementer
524 788 828 857 implicatus
883 788 1027 841 uitae
1082 807 1136 840 se
1192 788 1450 840 cruciatui
1506 787 1818 841 subtrahere

132 863 366 933 gestiret.
437 866 492 915 at
530 871 628 933 ego
669 863 994 932 perspiciens
1033 862 1234 914 malum
1274 863 1439 915 istum
1471 863 1818 915 uerberonem

65 959 108 991 ιο
130 924 507 991 blaterantem³²
530 941 688 1006 atque
735 937 1047 990 inconcinne
1096 937 1491 989 causificantem
1539 941 1820 1006 certusque

130 1010 348 1081 aliquod
387 1011 565 1064 moliri
603 1011 884 1081 flagitium,
932 1011 1052 1064 dedi
1095 1011 1309 1080 quidem
1348 1012 1637 1080 potionem,
1678 1011 1819 1081 dedi3

130 1086 222 1139 sed
259 1086 471 1138 futurae
510 1086 810 1155 quaestioni
856 1103 1177 1154 praecauens
1217 1105 1323 1138 non
1364 1086 1547 1138 statim
1586 1053 1819 1170 pretiuni

130 1160 273 1229 quod
313 1160 633 1213 offerebatur
672 1160 866 1229 accepi,
913 1160 1059 1212 sed
1064 1179 1129 1213 ne
1168 1160 1307 1212 forte
1347 1160 1561 1230 aliquis’
1602 1160 1820 1262 inquam

130 1233 377 1287 ‘istorum
417 1253 551 1318 quos
585 1234 741 1287 offers
775 1253 1056 1287 aureorum
1087 1253 1317 1303 nequam
1348 1234 1435 1287 uel
1467 1222 1711 1287 adulter
1706 1252 1820 1304 rep-

65 1330 106 1362 15
130 1309 381 1378 periatur,
426 1309 481 1361 in
527 1308 629 1362 hoc
667 1309 785 1378 ipso
834 1309 1043 1362 sacculo
1091 1309 1334 1362 conditos
1382 1327 1471 1361 eos
1519 1309 1678 1362 anulo
1726 1312 1820 1361 tuo

130 1386 400 1452 praenota,
440 1383 606 1436 donec
646 1383 812 1436 altera
851 1383 933 1436 die
973 1372 1346 1436 nummularios
1371 1387 1648 1452 praesente
1681 1402 1819 1436 com-

129 1457 457 1526 probentur.'
535 1458 611 1510 sic
650 1457 898 1510 inductus
939 1458 1176 1527 signauit
1214 1458 1493 1526 pecuniam
1534 1477 1694 1527 quam
1734 1477 1819 1510 ex-

130 1531 252 1585 inde
289 1535 352 1584 ut
397 1532 497 1584 iste
543 1535 970 1601 repraesentatus
1010 1535 1092 1584 est
1130 1532 1349 1601 iudicio,
1396 1532 1528 1584 iussi
1576 1532 1638 1584 de
1685 1532 1818 1584 meis

119 1605 362 1675 aliquem
398 1606 661 1659 curriculo
694 1606 916 1658 taberna
946 1609 1249 1675 promptam
1282 1606 1486 1659 adferre
1519 1610 1572 1658 et
1603 1626 1669 1659 en
1701 1625 1819 1659 ecce

65 1702 108 1733 20
132 1680 391 1749 perlatam
431 1699 607 1733 coram
648 1680 887 1733 exhibeo.
961 1680 1141 1733 uideat
1180 1684 1233 1733 et
1272 1699 1427 1733 suum
1467 1681 1707 1750 sigillum
1746 1700 1822 1734 re-

133 1758 433 1824 cognoscat.
510 1773 633 1807 nam
681 1773 838 1824 quem
886 1755 952 1807 ad
997 1748 1214 1808 modum
1262 1756 1376 1807 eius
1422 1756 1611 1808 ueneni
1658 1755 1824 1808 frater

135 1828 436 1881 insimulari
475 1833 653 1898 potest
692 1829 834 1898 quod
872 1829 974 1882 iste
1014 1829 1458 1898 comparauerit?'

244 1901 309 1955 X.
348 1901 546 1973 Ingens
587 1903 774 1956 exinde
812 1903 1158 1956 uerberonem
1192 1904 1413 1972 corripit
1444 1904 1730 1971 trepidatio
1770 1907 1824 1956 et

134 1976 190 2029 in
229 1976 401 2030 uicem
440 1977 660 2030 humani
707 1977 899 2031 coloris
939 1978 1176 2031 succedit
1211 1978 1384 2046 pallor
1430 1978 1669 2030 infernus
1708 1996 1822 2047 per-

69 2071 112 2104 25
136 2069 238 2120 que
276 2052 527 2104 uniuersa
563 2052 803 2105 membra
843 2052 914 2121 [p.
936 2052 1159 2121 188.E.]
1206 2052 1435 2122 frigidus
1484 2052 1646 2104 sudor
1685 2071 1820 2105 ema-

134 2125 309 2178 nabat.
378 2129 507 2179 tunc
545 2127 704 2195 pedes
745 2127 962 2179 incertis
995 2126 1437 2179 alternationibus
1470 2144 1820 2196 commouere,

134 2199 292 2252 modo
330 2199 467 2253 hanc
505 2200 663 2253 modo
704 2201 852 2252 illam
893 2200 1083 2284 capitis
1122 2203 1329 2269 partem
1369 2200 1603 2298 scalpere
1639 2204 1693 2254 et
1731 2220 1821 2254 ore

137 2273 448 2327 semiclauso
496 2274 799 2327 balbutiens
838 2275 1017 2327 nescio
1059 2293 1189 2343 quas
1231 2266 1477 2327 afannas
1489 2276 1714 2344 effutire
1759 2279 1822 2328 ut

136 2365 258 2399 eum
307 2367 462 2401 nemo
508 2367 728 2418 prorsus
776 2367 806 2401 a
853 2348 1008 2417 culpa
1053 2367 1282 2401 uacuum
1329 2349 1519 2402 merito
1571 2349 1819 2403 crederet.

10 2428 14 2462 ἒ
70 2441 114 2474 30
137 2420 231 2474 sed
267 2421 624 2475 reualescente
670 2442 857 2476 rursus
904 2423 1119 2475 audacia
1140 2424 1587 2477 ‘constantissime
1627 2441 1821 2493 negare

5 2506 8 2515 '
137 2498 192 2548 et
223 2513 486 2549 accersere
517 2497 776 2593 mendacii
804 2516 910 2549 non
937 2497 1132 2549 desinit
1155 2497 1432 2550 medicum.
1496 2499 1588 2567 qui
1612 2502 1822 2566 praeter

256 2660 282 2699 8
314 2628 581 2712 implicaitus
613 2657 648 2701 F
681 2657 714 2713 (i
746 2672 828 2702 scr.
862 2673 917 2701 m.
951 2658 1162 2724 antiqua)
1207 2657 1464 2715 implicitus
1498 2660 1572 2715 φδ
1664 2663 1688 2703 9
1722 2673 1820 2703 um-

136 2713 358 2759 beronem
390 2732 425 2771 φ
524 2720 580 2760 10
610 2715 852 2772 incoccine
884 2734 919 2773 φ
1012 2715 1379 2762 claufflfieantem
1411 2734 1446 2773 φ
1541 2722 1591 2761 11
1626 2719 1821 2763 alterum

102 2815 104 2818 ,
137 2774 243 2818 dedi
273 2788 355 2819 om.
383 2775 459 2830 φδ
488 2776 566 2820 sed
587 2777 643 2831 cf.
663 2780 733 2820 36
752 2780 808 2819 29
840 2782 881 2820 et
913 2779 1010 2820 188
1039 2780 1093 2819 15
1188 2781 1242 2820 13
1275 2777 1357 2820 sed
1392 2777 1468 2820 ‘ne
1503 2776 1650 2822 Kro‘n.
1709 2777 1810 2822 ‘sed

137 2844 196 2876 ne
224 2831 278 2876 E.
401 2838 456 2877 14
495 2833 679 2879 adulter
715 2835 797 2892 an
810 2837 838 2879 δ
960 2838 1014 2878 18
1053 2834 1143 2879 iste
1181 2835 1218 2878 F
1264 2835 1364 2892 ipse
1396 2838 1472 2891 φδ
1600 2841 1655 2879 22
1696 2850 1819 2881 com-

136 2892 377 2947 parauerit
407 2891 530 2950 Fmg
567 2893 682 2938 emit
712 2896 742 2938 ὃ
832 2898 888 2938 28
920 2893 1117 2938 asanuas
1150 2894 1270 2951 Ρφδ
1300 2896 1489 2950 cf.160.
1511 2899 1566 2939 28
1607 2895 1756 2941 asaias
1790 2898 1823 2939 ὃ

137 2953 196 2994 30
227 2950 428 2995 audacia
457 2954 622 3009 scripsi
666 2953 843 2998 astutia
874 2954 971 2998 edd.
