1916 3132
152 0 308 26 ί,
639 0 660 22 a

142 68 246 122 104
809 75 892 121 ΤΕ
900 76 988 122 ΤΑ
994 74 1179 122 ΡΤΟΝ

140 207 348 279 ἄνδρα)
368 213 445 279 τῷ
471 214 671 280 καρπῷ
690 208 795 281 τήν
819 219 978 297 χεῖρα
991 199 1096 280 ‘Qcocl
1118 209 1366 314 ἀκούσης
1339 198 1838 316 ςρπιβαλωνχοίνα-
1910 276 1916 296 ι

141 298 361 363 κρίνειν
387 293 498 349 ἀπὸ
527 299 624 364 τῆς
660 292 928 364 ἀρτηρίας
966 294 1130 368 ἐῴκει
1156 294 1218 349 τὸ
1245 298 1322 351 πά
1369 316 1455 364 ος,
1496 296 1714 368 ὥσπερ,
1754 296 1839 354 οἶ·
1914 315 1916 320 ·

140 399 268 449 μαι,
307 401 374 433 τα
412 382 648 449 καρδίας
683 379 959 449 κινήματα
996 382 1339 452 μηνυούσης.
1405 379 1510 436 οὐκ
1549 381 1743 452 ὀλίγον
1779 403 1839 440 τε

139 464 347 533 χρόνον
372 467 685 533 βασανίσας
709 465 815 534 τὴν
837 463 1152 535 ἐπίσκεψιν,
1182 464 1298 520 ἄνω
1318 486 1377 520 τε
1403 469 1497 520 καὶ
1522 466 1672 521 κάτω
1699 472 1838 522 πολ-

142 547 210 602 λοὶ
239 548 660 619 ἐπιθεωρήσας,
690 541 735 603 03
761 552 1086 617 Χαρίκλεις,
1118 553 1254 620 ἔφη,
1283 559 1555 621 περιττοῖς
1577 551 1721 622 ἡμᾶς
1746 552 1839 607 ἐν-
1869 570 1891 604 5

141 634 285 688 θοὶδε
313 632 698 704 εἰσκέκληκας·
736 633 953 703 ἰατρικὴ
981 633 1090 705 γὰρ
1117 634 1287 690 οὐδὲν
1314 634 1385 690 ὅὶν
1413 635 1671 706 οὐδαμῶς
1694 635 1839 691 ἀνύ-

141 734 257 772 σειε
295 718 439 787 πρὸς
475 718 708 789 ταύτην.
777 720 916 788 ἐμοῦ
952 721 1041 788 δέ,
1081 713 1126 774 ὦ
1163 724 1317 789 θεοί,
1358 727 1416 775 τί
1449 726 1614 775 τοῦτο
1642 724 1836 790 λέγεις,

139 801 582 872 ἀναβοήσαντος,
613 809 822 873 οἴχεται
848 797 956 858 οῦν
980 825 1075 874 μοι
1100 806 1163 858 τὸ
1189 807 1527 875 θυγάτριον,
1555 808 1650 859 καὶ
1679 809 1834 861 ἐλπί-

140 892 237 951 δος
265 889 423 951 ἐκτὸς
447 888 709 957 γε’γονεν;
740 887 808 941 οῦ
833 889 1096 958 θορύβου
1123 891 1238 958 δεῖ,
1267 894 1462 960 φησίν,
1491 889 1616 944 ἀλλ’
1647 889 1834 944 ἄκουε.

139 974 232 1026 καὶ
259 974 607 1042 παραλαβών
627 994 696 1042 με
720 977 820 1042 τῆς
843 993 904 1026 τε
929 974 1100 1043 κόρης
1125 977 1217 1027 καὶ
1238 979 1353 1028 τῶν
1374 974 1564 1029 ἄλλων
1583 977 1834 1042 ἄπωθεν,
1868 989 1916 1026 ισ

136 1056 170 1129 ἡ
211 1055 348 1112 καθ’
385 1056 556 1127 ἡμᾶς,
605 1061 744 1128 ἔφη,
793 1059 958 1127 τέχνη
1007 1059 1262 1128 σώματος
1298 1062 1458 1130 πάθη
1495 1060 1841 1130 θεραπεύειν

141 1145 566 1213 ἐπαγγέλλεται,
607 1147 789 1212 ψυχῆς
828 1144 889 1195 δὲ
928 1140 998 1196 ού
1034 1145 1496 1213 προηγουμένως,
1537 1143 1680 1198 ἄλλα
1717 1145 1840 1198 τότε

138 1229 317 1298 μόνον
344 1226 482 1281 ὅταν
510 1228 810 1298 συμπασχῃ
837 1226 942 1296 μὲν
968 1232 1044 1298 τῷ
1073 1225 1286 1296 σώματι
1312 1232 1669 1301 κακουμένῳ,
1698 1243 1835 1283 συν-

140 1317 425 1384 ωφελῆται
474 1312 535 1364 δὲ
584 1312 1045 1385 θεραπευομένῳ.
1122 1312 1186 1366 τό
1233 1332 1293 1366 τε
1329 1317 1428 1383 τῆς
1465 1315 1634 1384 κόρης
1671 1314 1840 1378 νόσος

139 1402 267 1468 μέν,
310 1395 434 1452 ἀλλ’
476 1396 544 1451 οῦ
583 1397 859 1465 σώματος·
900 1395 969 1450 ού
1007 1396 1116 1466 γὰρ
1153 1402 1350 1467 χυμῶν
1387 1419 1470 1462 τις
1506 1395 1837 1468 περιττεύει,
1871 1414 1913 1448 15

140 1484 208 1537 οὐ
234 1486 484 1553 κεφαλῆς
504 1482 726 1551 ἄλγημα
746 1483 1011 1551 βαρύνει,
1042 1481 1110 1536 ού
1128 1482 1367 1551 πυρετὸς
1383 1482 1709 1552 ἀναφλέγει,
1731 1482 1838 1537 οῦκ

139 1569 279 1622 ἄλλο
317 1587 369 1620 τι
405 1572 507 1620 τοῦ
547 1567 828 1635 στόματος,
869 1563 939 1620 οὐ
965 1569 1161 1636 μέρος,
1201 1566 1304 1637 οὐχ
1343 1567 1479 1620 ὅλον
1517 1577 1679 1622 νοσεῖ
1707 1587 1836 1621 που.

138 1657 332 1721 τοῦτο,
362 1650 468 1706 οῦκ
495 1650 631 1705 αλλο
658 1671 710 1704 τι
738 1651 1048 1719 νομιστέον.
1092 1652 1231 1721 ἐμοῦ
1248 1654 1308 1705 δὲ
1330 1656 1724 1722 λιπαροῦντος,
1746 1653 1839 1706 καὶ

104 1737 374 1815 ,Ιφραζειν
415 1742 469 1790 εἴ
499 1756 551 1789 τι
590 1726 934 1804 κατέμαθεν
946 1734 1267 1806 αξιοῦντος,
1307 1736 1376 1790 ού
1413 1758 1522 1806 γαρ
1561 1736 1654 1790 καὶ
1682 1729 1872 1791 παιδὶ.ζ

138 1823 446 1893 γνώριμον,
487 1823 625 1890 ἔφη,
663 1813 845 1889 ψυχης
885 1816 1029 1873 εἶναι
1067 1819 1129 1872 τὸ
1156 1821 1367 1890 παθος,
1407 1821 1500 1875 καὶ
1525 1842 1630 1891 την
1667 1823 1840 1876 νόσον
1869 1837 1913 1871 20

103 1896 337 1994 έρωτα
346 1907 633 1975 λαμπρόν;
662 1903 765 1973 ούχ
792 1902 928 1976 ὁρᾷς
946 1925 1019 1967 ως
1045 1892 1337 1977 κυλοιδιᾷ
1332 1907 1436 1975 μὲν
1461 1907 1595 1969 τοῦς
1614 1906 1838 1975 ὀφθαλ-

140 1992 298 2062 μούς,
328 1990 421 2044 καὶ
447 1988 508 2043 τό
534 1988 752 2058 βλέμμα
775 1990 1108 2058 διέρριπται,
1136 1990 1230 2043 καὶ
1250 1992 1311 2044 τὸ
1335 1991 1642 2058 πρόσωπον
1663 1989 1838 2063 ωχριᾷ

140 2077 466 2144 σπλαγχνον
484 2072 591 2128 οὐκ
613 2074 931 2143 αἰτιωμένη,
959 2073 1062 2143 τὴν
1084 2074 1343 2128 διανοιαν
1369 2076 1430 2127 δὲ
1453 2073 1632 2143 αλύει,
1661 2097 1754 2129 και
1775 2076 1838 2130 τὸ

142 2158 389 2215 ἐπελθὸν
427 2157 875 2228 ἀναφθέγγεται,
916 2159 1010 2236 κΓαὶ
1048 2146 1504 2227 ἀπροφάσιστονΫ
1515 2159 1838 2228 ἀγρυπνίαν

110 2255 114 2259 ’
140 2242 472 2314 ὑφίσταται,
510 2245 604 2296 καὶ
630 2241 728 2296 τὸν
755 2236 1179 2311 ὄγκονἜιθρόως
1205 2244 1548 2314 καθῄρηται;
1589 2245 1840 2314 ζητητέος
1868 2259 1912 2294 2⁵

141 2345 258 2397 σοι,
288 2331 612 2396 Χαρίκλεις,
643 2325 672 2380 ὁ
698 2324 1010 2396 ἰασόμενος.
1063 2328 1280 2396 γένοιτο
1309 2327 1362 2381 δ’
1384 2327 1458 2380 ἂν
1480 2330 1651 2398 μόνος
1679 2327 1708 2382 ὁ
1732 2349 1838 2383 πο-

139 2416 439 2483 θούμενος.
505 2410 537 2466 ὃ
571 2413 675 2480 μὲν
711 2416 887 2465 ταῦτα
924 2410 1097 2466 εἰπών
1123 2411 1320 2483 ἀπῄει,
1359 2413 1500 2481 πρὸς
1538 2415 1598 2467 σὲ
1638 2415 1699 2467 δὲ
1727 2411 1837 2482 ἐγώ

141 2499 408 2567 δρομαῖος
426 2493 527 2550 τὸν
550 2496 612 2564 ἐμ
622 2497 688 2549 ὸν
706 2494 799 2549 καὶ
830 2501 1054 2566 σωτῆρα
1084 2496 1177 2550 καὶ
1198 2497 1356 2564 θεόν,
1385 2496 1452 2550 ὃν
1471 2499 1650 2567 μόνον
1671 2496 1835 2566 εύερ-

140 2585 369 2650 γετῆσαι
396 2580 680 2634 δύνασθαι
707 2579 938 2650 κάκείνη
974 2582 1257 2649 γινώσκει.
1321 2581 1501 2634 πολλοὶ
1527 2585 1671 2650 γοῦν
1700 2583 1839 2651 ἐμοῦ

142 2668 418 2736 δεομένου
456 2667 550 2718 καὶ
591 2666 833 2728 ἐξειπεῖν
869 2664 899 2718 ὅ
923 2686 976 2719 τι
1014 2665 1218 2735 πάσχοι
1253 2665 1743 2735 παρακαλοῦντος,
1776 2667 1838 2720 ἓν
1867 2679 1911 2714 30

140 2751 317 2821 μόνον
342 2749 713 2818 ἀπεκρίνατο,
755 2747 828 2811 ὡς
866 2749 1064 2818 ἀγνοεῖ
1083 2751 1187 2819 μὲν
1225 2746 1255 2803 ὃ
1281 2752 1587 2818 πέπονθεν,
1629 2752 1838 2805 εἰδέναι

142 2836 204 2889 δὲ
243 2833 317 2899 ὥς
355 2837 667 2900 Καλάσιρις
704 2833 776 2887 ἂν
815 2837 1033 2888 ἰάσαιτο
1071 2834 1267 2903 μόνος·
1321 2837 1414 2887 καὶ
1453 2838 1735 2889 εἰσκαλεῖν
1774 2849 1838 2889 σε
