1916 3132
131 56 231 109 106
786 62 875 108 ΤΕ
881 63 972 109 ΤΑ
978 61 1164 110 ΡΤΟΝ

119 195 226 266 χὴν
264 195 649 266 ἀνάγραπτος,
693 197 908 267 ἐχθροῦ
945 196 1097 261 τινὸς
1135 195 1316 269 αὐτὴν
1343 199 1400 264 ἐξ
1427 197 1600 270 α’ρχῆς
1624 189 1832 272 άιλέρα-
1903 191 1906 193 ‚

122 295 257 335 στον
296 279 614 350 άποβιῶναι
651 281 745 334 καὶ
784 279 991 354 ἄγονον
1033 283 1562 352 ἐπιβουλεύσαντος.

62 366 94 420 8
230 367 426 437 ἐπῄνει
451 370 647 435 ταῦτα,
670 367 764 419 καὶ
789 356 892 435 ἧκε
919 367 1113 437 φέρων
1141 366 1211 421 ού
1238 366 1374 437 μετά
1402 367 1551 422 πολύ
1576 367 1830 442 τήᾈται-

117 453 263 524 νέαν.
326 451 595 504 ἐνδοῦναι
634 451 705 520 δή
743 471 838 521 μοι
875 452 1087 521 σχολὴν
1124 451 1266 520 πρὸς
1305 451 1485 506 αὐτὸν
1520 454 1714 522 εἰπών,
1755 451 1830 518 ὦς

121 532 274 604 εἶχον
299 535 663 603 πειθόμενον,
707 534 897 590 ἐλθών
934 555 995 590 τε
1032 529 1104 590 οὗ
1142 538 1484 608 κατηγόμην,
1525 537 1662 592 οὐδὲ
1691 538 1826 593 ὅσον
1862 558 1883 591 5

122 619 417 689 ἐλάχιστον
445 618 858 690 ὑπερθέμενος,
889 621 1236 691 ἐπελεγόμην
1262 624 1367 692 τήν
1395 627 1617 677 ταινίαν
1631 625 1824 700 γράμ-

124 720 297 775 μασιν
348 706 736 774 Αἰθιοπικοῖς,
795 704 864 758 ού
922 707 1242 776 δημοτικοῖς
1297 704 1439 761 ἄλλα
1494 710 1824 808 βασιλικοῖς,

122 789 474 859 ἐστιγμένην,
526 788 562 842 ὁὶ
611 788 679 860 δὴ
727 799 843 853 τοῖς
881 793 1245 859 Αἰγυπτίων
1262 776 1578 862 ιερατικοῖς
1615 795 1826 846 καλου-

60 876 305 943 ““με’νοις
331 872 665 943 ωμοίωνται.
721 878 813 928 καὶ
844 876 1216 944 ἐπερχόμενος
1241 877 1435 929 τοιάδε
1460 874 1734 947 ηὕρισκον
1759 875 1822 931 τὸ

115 959 342 1028 γράμμα
382 958 776 1028 διηγούμενον.
1853 981 1916 1015 ιο.

210 1066 415 1130 Περσῖνα
455 1065 695 1124 βασίλισσα
718 1060 1024 1109 Αἰθιόπωντ
989 1059 1229 1131 ρῃὶὸτιδὴ
1271 1063 1595 1125 κληθησομένῃ
1631 1064 1712 1109 καὶ
1748 1062 1823 1123 μέ-

113 1122 397 1191 wrm
407 1130 589 1204 ωδίνων
596 1134 817 1192 θυγατρὶ
844 1138 996 1192 δῶρον
1025 1134 1216 1192 ἔσχατον
1241 1132 1451 1193 χαράττω
1479 1132 1616 1181 τόνδε
1640 1132 1724 1181 τὸν
1750 1134 1823 1194 ἔγ-

115 1221 297 1262 γραφον
325 1207 524 1263 θρῆνον.

222 1286 467 1367 ἐπάγην,
519 1289 563 1350 ὦ
610 1297 890 1368 Κνήμων,
945 1294 1018 1360 ὥς
1064 1302 1166 1351 τοῦ
1213 1302 1499 1368 Περσίνης
1547 1294 1822 1367 ὀνόματος

111 1381 347 1452 ἥκουσα·
422 1381 489 1435 τὰ
527 1383 589 1435 δὲ
628 1382 750 1453 ἑξῆς
788 1381 935 1452 ὅμως
975 1378 1348 1454 ἐπελεγόμηνῖ
1382 1383 1522 1439 ὄντα
1559 1384 1768 1437 τοιάδε.
1852 1403 1892 1436 15

213 1483 275 1538 ὦς
300 1483 381 1545 μὲν
412 1483 547 1531 οὐδὲν
573 1482 819 1547 άδικοῦσα,
846 1489 1053 1547 παιδίον,
1091 1484 1196 1534 οὔτε
1234 1486 1282 1533 σὲ
1315 1487 1566 1547 γενομένην
1590 1483 1814 1545 ἐξεθέμην

111 1554 218 1603 οὔτε
243 1557 416 1615 πατέρα
441 1554 524 1602 τὸν
550 1555 633 1603 σὸν
660 1555 913 1616 “Ίζδοζσπην
937 1555 1024 1616 τὴν
1051 1555 1139 1617 σὴν
1168 1558 1287 1604 θέαν
1314 1555 1678 1617 άπεκρυψάμην,
1715 1554 1816 1603 ἐπι-

109 1626 356 1687 κεκλήσθω
380 1625 554 1686 μάρτυς
579 1625 603 1673 ὁ
631 1626 854 1686 γενάρχης
890 1625 1021 1686 ἡμῶν
1054 1624 1231 1681 ’Ἡλιοςκ
1283 1626 1383 1675 ἀλλ’
1406 1626 1530 1689 ὅμως
1555 1625 1818 1687 άπολογοῦ-

112 1716 190 1758 μαι
219 1696 334 1756 πρός
360 1716 407 1743 τε
433 1699 481 1744 σέ
503 1716 640 1758 ποτε,
677 1696 908 1758 θύγατερ,
936 1698 978 1744 εἰ
999 1704 1335 1759 περισωθείης,
1362 1699 1478 1759 πρός
1503 1717 1551 1746 τε
1577 1696 1660 1745 τὸν
1681 1695 1816 1744 ἄναι-

111 1767 382 1829 ρησόμενον,
419 1771 468 1814 εἴ
493 1767 599 1815 τινά
635 1785 706 1814 σοι
741 1766 857 1821 θεὸς
885 1766 1164 1831 ἐπιστήσειε,
1203 1769 1318 1828 πρός
1354 1789 1402 1817 τε
1429 1767 1574 1817 αὐτὸν
1599 1765 1710 1816 ὅλον
1732 1766 1817 1815 τὸν
1847 1783 1888 1817 20

110 1844 205 1887 τῶν
240 1836 511 1896 ἀνθρώπων
551 1843 668 1901 βίον,
709 1836 1105 1885 ἄνακαλύπτουσα
1142 1838 1228 1900 τὴν
1263 1841 1416 1887 αἰτίαν
1453 1844 1535 1899 τῆς
1573 1838 1815 1892 ἐκθέσεως.

109 1910 220 1971 ἡμῖν
248 1907 472 1969 πρόγονοι
497 1915 627 1957 θεῶν
663 1909 744 1969 μὲν
776 1906 937 1963 ’Ἠλιός
961 1928 1009 1956 τε
1035 1912 1115 1956 καὶ
1139 1909 1392 1972 Διόνυσος,
1431 1910 1596 1971 ἡρώων
1621 1909 1672 1956 δὲ
1701 1914 1820 1969 Περ-

112 1980 217 2034 σεύς
249 1999 297 2028 τε
334 1982 415 2026 καὶ
447 1978 731 2042 Ἀνδρομέδα,
769 1982 851 2027 καὶ
876 1981 1083 2039 Μέμνων
1114 1979 1190 2028 ἐπὶ
1214 1980 1412 2035 τούτοις.
1469 1981 1518 2027 οἷ
1538 1980 1596 2041 δὴ
1623 1976 1708 2033 τάς
1733 1983 1817 2042 βα-

111 2057 306 2105 σιλείους
332 2048 476 2104 αὐλὰς
502 2049 622 2098 κατὰ
647 2050 839 2111 καιροὺς
860 2048 1159 2111 ἱδρυσάμενοι
1179 2060 1279 2105 ταῖς
1297 2050 1390 2099 άπὸ
1413 2046 1593 2099 τούτων
1614 2058 1818 2110 γραφαῖς

111 2121 386 2182 ἐκόσμησαν
420 2120 503 2175 τὰς
522 2141 603 2181 μεν
620 2121 677 2182 δὴ
707 2142 800 2168 των
826 2119 977 2169 άλλων
1005 2119 1193 2176 εἰκόνας
1217 2141 1264 2169 τε
1291 2124 1372 2169 καὶ
1395 2122 1584 2182 πράξεις
1610 2119 1819 2180 ἀνδρῶσί
1845 2135 1887 2168 25

112 2213 160 2241 τε
186 2194 268 2240 καὶ
298 2191 595 2252 περιδρόμοις
620 2191 889 2254 ἐνέγραφον,
926 2191 1035 2247 τοὺς
1062 2193 1111 2240 δε
1136 2192 1380 2253 θαλάμους
1404 2202 1501 2246 τοῖς
1521 2190 1820 2251 Ἀνδρομέδας

112 2282 159 2312 τε
194 2264 276 2310 καὶ
307 2264 517 2323 Περσέως
543 2265 706 2323 ἔρωσιν
732 2262 1008 2311 ἐποίκιλλον.
1058 2263 1269 2311 ἐνταῦθά
1293 2283 1404 2311 ποτε
1430 2262 1581 2324 ἡμᾶς,
1618 2255 1818 2309 δεκάτου

113 2333 409 2394 παρήκοντος
433 2334 564 2387 ἔτους
592 2333 638 2391 ἐξ
665 2354 720 2381 ου
749 2354 802 2394 με
836 2333 1040 2395 γαμετὴν
1067 2333 1307 2394 Τδάσπης
1332 2333 1593 2394 ἐγνώρισεν,
1621 2351 1676 2379 ου
1706 2350 1818 2379 ποτε

111 2409 294 2452 παίδων
343 2403 455 2465 ἡμῖν
506 2403 782 2466 γεγονότων,
834 2403 1022 2465 ἠρεμεῖν
1077 2404 1127 2452 τὸ
1179 2403 1490 2467 μεσημβρινὸν
1532 2404 1817 2465 συνέβαινεν,

109 2473 264 2524 ὕπνου
306 2479 503 2535 θερινοῦ
546 2480 922 2529 κατακλίναντος.
984 2481 1068 2523 καί
1105 2495 1183 2536 μοι
1217 2476 1298 2523 καὶ
1337 2478 1613 2536 προσωμίλει
1646 2472 1748 2521 τότε
1787 2469 1812 2519 ὃ
1844 2486 1886 2521 30

112 2545 266 2607 πατὴρ
310 2543 334 2593 ὁ
379 2544 482 2607 σός,
534 2543 648 2605 ὄναρ
687 2544 811 2608 αὐτῷ
855 2550 991 2593 τοῦτο
1030 2545 1234 2594 κελεύειν
1271 2539 1612 2606 ἐπομνύμενος·
1669 2542 1819 2607 ᾐσθό-

112 2637 204 2678 μην
250 2635 298 2664 τε
342 2621 620 2676 παραχρῆμα
667 2615 1002 2677 κυοφορήσασα
1048 2616 1135 2678 τὴν
1182 2615 1462 2679 καταβολήν.
1517 2619 1519 2621 ’
1547 2614 1573 2662 ὁ
1620 2614 1702 2674 μὲν
1757 2611 1816 2673 δὴ

113 2689 239 2749 μέχρι
294 2692 377 2734 τοῦ
423 2686 565 2734 τόκου
621 2682 787 2748 χρόνος
806 2695 809 2714 ’
831 2686 964 2747 ἑορτὴ
1012 2687 1255 2748 πάνδημος
1299 2682 1360 2747 ἧν
1406 2688 1487 2734 καὶ
1533 2683 1817 2746 χαριστήριοι

117 2764 286 2806 θυσίαι
322 2765 420 2811 τοῖς
457 2763 613 2818 θεοῖς,
653 2756 714 2811 ὡς
750 2762 833 2805 τοῦ
872 2760 1088 2820 βασιλέως
1125 2758 1347 2817 διάδοχον
1382 2762 1466 2805 τοῦ
1504 2758 1665 2817 γένους
1697 2754 1819 2817 ἐλπί-

117 2836 303 2887 ζοντος·
355 2827 513 2888 ἐπειδὴ
564 2829 615 2875 δέ
649 2846 698 2875 σε
735 2827 907 2891 λευκὴν
945 2828 1183 2891 άπέτεκον,
1231 2826 1535 2889 άπρόσφυλον
1570 2825 1817 2875 Αἰθιόπων
1845 2838 1890 2873 35
