1916 3132
803 101 1103 151 ΠΡΩΤΟΝ
1769 97 1798 148 7

99 242 304 311 ἐδόκει,
333 240 426 295 καὶ
451 243 695 294 τοσαῦτα
720 234 793 309 ἦν
815 236 889 302 ὥς
914 238 1009 291 καὶ
1036 237 1348 308 λῃστρικὴν
1375 236 1604 305 κορέσαι
1631 239 1794 288 πλεο-

97 326 308 392 νεξίαν,
334 323 438 394 τὴν
458 328 617 378 λείαν
649 325 739 379 ἐπὶ
765 322 864 377 τὸν
891 320 1154 391 αἰγιαλὸν
1180 322 1520 383 καταθέντες
1554 321 1632 382 εἰς
1654 339 1797 388 φορ-

95 414 185 465 τία
211 411 304 464 καὶ
330 412 529 480 μοίρας
556 409 956 477 κατενέμοντο,
996 403 1064 460 οὐ
1101 404 1242 476 πρὸς
1275 408 1379 476 τὴν
1416 404 1655 460 ἑκάστου
1682 408 1795 456 τῶν

95 495 436 564 ληφθέντων
474 492 638 559 άξίαν
676 493 816 548 ἀλλὰ
844 491 983 562 πρὸς
1021 490 1082 545 τὸ
1122 497 1250 546 ἴσον
1274 492 1448 560 βάρος
1484 487 1588 559 τὴν
1626 488 1796 558 νέμη-

48 588 78 643 ε
102 593 196 634 σιν
221 579 564 649 ποιούμενοι.
621 577 688 632 τὰ
726 579 786 633 δὲ
815 579 942 645 περὶ
969 575 1074 646 τὴν
1112 576 1290 646 κόρην
1317 578 1406 630 καὶ
1436 574 1536 630 τὸν
1563 578 1798 628 νεανίαν

96 665 161 718 ἐν
200 663 483 733 δευτέροις
519 662 757 732 πράξειν
797 665 1049 731 ἔμελλον.

201 747 308 802 κάν
333 749 515 820 τούτῳ
541 752 761 818 πλῆθος
785 748 980 816 ἕτερον
1009 747 1302 816 ἐφίσταται
1338 745 1662 817 λῃστρικόν,
1703 745 1796 797 ἰπ-

94 834 244 888 πέων
272 834 391 888 δύω
428 834 529 888 τοῦ
560 833 838 903 τάγματος
863 830 1216 902 ἡγουμένων.
1276 831 1414 901 ὅπερ
1452 830 1528 894 ὠς
1565 828 1718 884 εἶδον
1746 828 1806 881 οἱ

94 920 378 987 πρότεροι,
407 917 538 973 οὔτε
566 928 753 988 χεῖρας
789 917 1169 987 άνταράμενοι
1206 915 1337 971 οὔτε
1372 936 1426 970 τι
1462 919 1577 970 τῶν
1603 914 1797 968 σύλων

26 1031 65 1066 10
96 1002 566 1074 ἄπενεγκάμενοι,
605 1007 705 1056 τοῦ
732 1001 804 1073 μή
844 1003 1256 1072 ἐπιδιωχθῆναι
1291 1003 1504 1070 ἕνεκεν,
1546 999 1619 1064 ὠς
1655 1000 1796 1068 δρό-

94 1109 205 1159 μου
233 1085 383 1158 εἶχον
411 1091 676 1158 ἔφευγον,
715 1087 874 1141 αὐτοὶ
899 1087 1003 1157 μὲν
1032 1089 1108 1150 εἰς
1135 1088 1270 1140 δέκα
1295 1085 1395 1140 τὸν
1422 1084 1673 1156 άριθμὸν
1701 1082 1795 1138 ὅν-

94 1193 206 1236 τες,
257 1171 376 1241 τρὶς
423 1174 484 1228 δὲ
536 1174 842 1234 τοσούτους
878 1172 1010 1236 τούς
1049 1171 1396 1236 ἐπελθόντας
1432 1173 1792 1239 θεασάμενοι.

95 1259 188 1312 καὶ
228 1260 289 1312 oc
319 1259 423 1326 μὲν
462 1256 605 1326 ἀμφὶ
645 1255 748 1325 τὴν
788 1256 965 1326 κόρην
1005 1257 1277 1325 δεύτερον
1325 1254 1432 1326 ἤδη
1471 1255 1794 1325 ἡλίσκοντο,

94 1340 317 1397 οὐδέπω
345 1344 684 1413 ληφθέντες·
727 1342 787 1394 οί
817 1342 876 1396 δὲ
906 1345 1131 1412 λῃσταί,
1170 1340 1309 1409 πρὸς
1345 1340 1449 1410 τὴν
1477 1338 1798 1409 διαρπαγὴν

26 1452 67 1486 15
95 1425 190 1481 καὶ
215 1428 390 1481 ταῦτα
418 1427 786 1494 σπεύδοντες,
825 1425 936 1480 ὑπὸ
963 1431 1061 1495 τῆς
1095 1430 1212 1480 τῶν
1239 1423 1541 1496 ὁρωμένων
1569 1422 1799 1493 άγνοίας

95 1511 207 1581 ἅμα
246 1511 335 1566 καὶ
378 1511 699 1582 ἐκπλήξεως
735 1511 871 1573 τέως
909 1507 1328 1565 ἀνεστέλλοντο.
1392 1509 1524 1572 τοὺς
1560 1510 1663 1580 μὲν
1689 1508 1797 1578 γὰρ

96 1595 343 1660 πολλοὺς
371 1597 584 1665 φόνους
609 1593 720 1649 ὑπὸ
743 1601 859 1649 τῶν
885 1598 1178 1665 προτέρων
1203 1599 1550 1665 γεγενῆσθαι
1575 1597 1799 1664 λῃστῶν

97 1685 333 1749 εἴκαζον,
371 1679 474 1750 τήν
500 1681 679 1750 κόρην
706 1681 766 1733 δὲ
796 1678 1040 1748 ὁρωντες
1068 1682 1132 1735 ἐν
1168 1680 1298 1750 ξένῃ
1326 1679 1420 1734 καὶ
1449 1680 1798 1750 περιβλέπτῳ

95 1770 164 1836 τῇ
193 1769 383 1836 στολῇ,
419 1765 512 1819 καὶ
544 1769 661 1819 τῶν
696 1765 799 1834 μὲν
827 1763 1302 1834 προσπιπτόντων
1331 1767 1600 1834 φοβερῶν
1627 1761 1700 1826 ὥς
1727 1759 1798 1817 ἄν

24 1873 67 1908 20
97 1850 235 1920 μηδὲ
261 1851 575 1919 γινομένων
601 1848 996 1921 ὑπερορῶσαν,
1020 1847 1158 1919 ὅλην
1186 1850 1246 1903 δὲ
1273 1853 1375 1904 τοῦ
1403 1853 1637 1903 νεανίου
1658 1846 1798 1917 πρὸς

94 1944 212 1998 τοῖς
237 1933 556 2003 τραύμασιν
595 1928 776 1988 οὖσαν
814 1938 908 1989 καὶ
947 1932 1020 1997 ὡς
1059 1935 1208 1989 ἴδιον
1246 1933 1308 1987 τὸ
1350 1934 1574 1989 ἐκείνου
1613 1933 1798 1995 πάθος

96 2018 410 2089 ἀλγοῦσαν,
461 2016 563 2088 τήν
601 2022 705 2088 μὲν
742 2021 844 2073 τοῦ
882 2020 1127 2083 κάλλους
1166 2019 1259 2073 καὶ
1297 2024 1398 2073 τοῦ
1438 2018 1798 2089 φρονήματος

98 2104 438 2174 ἐθαύμαζον,
477 2104 580 2158 τὸν
606 2104 667 2158 δὲ
707 2104 799 2157 καὶ
826 2108 1175 2174 τραυματίαν
1215 2103 1640 2174 ἐξεπλήττοντο·
1681 2122 1797 2156 τοι-

97 2191 261 2252 οῦτος
286 2187 389 2259 τὴν
415 2190 649 2259 μορφὴν
677 2190 770 2242 καὶ
797 2192 1062 2252 τοσοῦτος
1088 2187 1150 2243 τὸ
1170 2189 1408 2259 μέγεθος
1435 2192 1633 2256 ἔκειτο,
1658 2186 1797 2242 κατὰ

24 2294 68 2328 25
96 2270 302 2343 μικρὸν
339 2271 446 2343 ἤδη
482 2294 599 2336 πως
635 2272 955 2343 ἀνειληφώς
993 2271 1196 2328 ἑαυτὸν
1222 2273 1310 2328 καὶ
1348 2271 1488 2343 πρὸς
1524 2273 1586 2327 τὸ
1614 2274 1797 2342 σύνη-

95 2362 198 2422 θες
233 2360 448 2427 βλέμμα
486 2357 1023 2426 άποκαθιστάμενος.

204 2440 309 2505 ὅψε
348 2440 414 2511 δὴ
455 2436 563 2496 οὖν
601 2443 735 2496 ποτὲ
772 2443 1085 2512 πλησιάσας
1112 2441 1141 2495 ὁ
1170 2443 1480 2518 λῄσταρχος
1509 2442 1798 2511 ἐπιβάλλει
1825 2442 1859 2493 4

96 2545 157 2580 τε
193 2531 260 2597 τῇ
300 2527 440 2597 κόρῃ
479 2527 583 2597 τὴν
623 2536 810 2596 χεῖρα,
851 2530 942 2580 καὶ
983 2525 1331 2581 ἀνίστασθαί
1351 2547 1409 2581 τε
1438 2528 1531 2580 καὶ
1557 2526 1795 2580 ἕπεσθαι

100 2612 375 2665 ἐκέλευεν.
414 2608 450 2682 ἣ
477 2612 537 2666 δὲ
576 2615 688 2664 τῶν
715 2612 818 2680 μὲν
847 2612 1164 2681 λεγομένων
1203 2611 1375 2666 οὐδὲν
1403 2621 1661 2665 συνιεῖσα
1681 2651 1694 2678 ,
1735 2607 1797 2662 τὸ

26 2711 68 2746 30
99 2695 159 2749 δὲ
217 2696 702 2764 προσταττόμενον
758 2697 1192 2765 συμβάλλουσα,
1241 2699 1645 2763 συνεφείλκετο
1696 2690 1795 2746 τὸν

90 2783 400 2834 Ινεανίσκον
439 2778 570 2834 οὐδὲ
611 2779 786 2834 αὐτὸν
824 2782 1119 2849 μεθιέντα,
1161 2782 1254 2834 καὶ
1291 2780 1354 2834 τὸ
1397 2782 1556 2849 ξίφος
1596 2778 1794 2845 ἐπιφέ-

100 2879 278 2931 ρουσα
305 2874 421 2927 τοῖς
455 2865 708 2934 στέρνοις
743 2864 949 2935 ἑαυτὴν
987 2863 1335 2932 ἀποσφάξειν
1363 2863 1612 2963 ἠπείλει,
1643 2863 1692 2915 εἰ
1717 2860 1789 2930 μὴ
