1916 3132
159 62 227 114 38
858 66 1156 114 ΠΡΩΤΟΝ

157 197 194 271 ἢ
231 200 363 265 τοὺς
400 203 642 264 οἰκείους
681 200 950 273 ᾤκτειρον
989 201 1447 272 ἀποβεβληκότες.
1527 202 1705 266 οὕτως
1741 203 1852 274 ἄρα

159 291 387 356 λῃσταῖς
442 285 535 339 καὶ
591 287 787 355 ψυχῶν
848 284 1036 340 αὐτῶν
1093 287 1211 340 ἐστὶ
1271 290 1521 358 χρήματα
1583 290 1852 359 προτιμό-

157 390 319 438 τερα,
382 369 475 423 καὶ
523 369 584 423 τὸ
632 374 822 439 φιλιάς
869 370 1046 439 ὄνομα
1095 371 1187 424 καὶ
1235 376 1561 439 συγγενείας
1605 371 1746 442 πρὸς
1791 374 1851 427 ἓν

157 452 220 508 τὸ
269 454 465 523 κέρδος
513 453 767 523 ὁρίζεται.
852 455 926 518 ώς
973 454 1040 524 δὴ
1095 454 1188 508 καὶ
1231 455 1451 518 τούτοις
1498 459 1848 526 συνέβαινεν.

160 538 470 608 ἐτύγχανον
497 539 600 608 μὲν
626 539 732 607 γὰρ
761 538 917 602 ὄντες
943 544 1056 593 τών
1083 541 1182 593 τόν
1213 540 1433 608 Θύαμιν
1469 540 1562 594 καὶ
1588 542 1718 606 τοὺς
1743 542 1850 596 σὺν
1880 563 1901 596 5

158 623 309 695 αύτῷ
361 622 500 676 κατὰ
550 622 647 686 τάς
679 623 1125 691 “Ηρακλεωτικάς
1175 623 1410 692 ἐκβολάς
1455 624 1848 696 ἀποδράντων,

72 707 141 759 33
157 707 643 777 ἀγανακτήσαντες
679 709 740 760 δὲ
777 707 859 761 ὅτι
896 707 1009 761 τών
1036 707 1351 776 ἀλλοτρίων
1390 709 1716 779 ἐστέρηντο,
1756 712 1850 764 καὶ

155 791 259 861 τήν
315 791 617 862 ἀφαίρεσιν
672 796 785 845 τών
840 794 1032 846 σύλων
1088 789 1161 855 ὥς
1217 794 1379 846 ἰδίων
1435 796 1850 865 περιαλγήσαν-

158 897 272 944 τες,
300 878 431 939 τούς
468 897 526 929 τε·
565 875 1016 946 ὑπολειφθέντας
1051 876 1242 931 αὑτῶν
1280 883 1424 932 οἴκοι
1450 880 1850 948 συλλεξάμενοι

156 960 251 1013 καὶ
288 962 388 1024 τὰς
425 961 581 1029 πέριξ
623 959 824 1029 ὁμοίως
862 962 1050 1030 κώμας
1077 961 1543 1032 ἐπικαλεσάμενοι
1571 962 1661 1016 ἐπὶ
1689 961 1851 1036 ὁμοίᾳ
1881 984 1916 1018 1⁰

156 1046 247 1098 καὶ
290 1051 380 1115 ἴση
420 1048 532 1098 τών
571 1047 1022 1115 ληφθησομένων
1062 1048 1330 1116 διανομῇ,
1370 1052 1467 1116 τῆς
1502 1048 1606 1115 μὲν
1633 1047 1849 1117 ἐφόδου

155 1132 500 1198 κατέστησαν
537 1127 837 1198 ἡγεμόνες,
889 1129 988 1183 τὸν
1028 1132 1088 1183 δὲ
1131 1131 1352 1200 Θύαμιν
1393 1131 1670 1200 ἐζώγρουν
1708 1129 1848 1188 κατὰ

153 1214 378 1266 τοιάνδε
404 1213 530 1266 τινά
557 1215 758 1267 αἰτίαν.
811 1214 1108 1287 Πετόσιρις
1145 1213 1393 1282 ἀδελφὸς
1431 1207 1506 1285 ἦν
1533 1214 1686 1288 αὐτῷ
1711 1218 1851 1272 κατὰ

154 1296 258 1366 τὴν
286 1300 536 1367 Μέμφιν.
603 1292 766 1362 οὗτος
808 1300 1082 1368 ἐπιβουλῇ
1107 1297 1211 1368 τὴν
1238 1300 1556 1369 ἱερωσύνην
1583 1305 1680 1369 τῆς
1706 1321 1849 1369 προ-

155 1385 385 1451 φητείας
410 1380 560 1450 παρά
586 1381 649 1435 τὸ
670 1382 907 1449 πάτριον
932 1382 1030 1437 τὸν
1053 1384 1277 1453 Θύαμιν
1296 1383 1847 1453 παρελόμενοςῑνεώ-
1881 1403 1916 1436 15

154 1486 317 1535 τερος
344 1465 513 1528 αὐτὸς
539 1464 638 1535 ὤν,
666 1465 768 1519 τὸν
789 1471 1235 1536 προγενέστερον
1263 1468 1516 1537 ἐξάρχειν
1542 1473 1848 1538 λῃστρικοῦ

155 1552 619 1618 πυνθανόμενος,
670 1550 869 1614 δεδιώς
906 1550 976 1621 μὴ
1031 1556 1232 1619 καιροῦ
1271 1553 1580 1620 λαβόμενος
1620 1555 1850 1609 ἐπέλθοι

155 1635 286 1687 ποτὲ
323 1634 360 1702 ἦ
400 1634 490 1687 καὶ
530 1635 728 1702 χρόνος
761 1634 863 1705 την
906 1636 1216 1705 ἐπιβουλὴν
1254 1637 1596 1706 φωράσειεν,
1637 1637 1747 1708 ἅμα
1787 1639 1848 1692 δὲ

154 1719 247 1770 καὶ
286 1717 361 1770 δι’
388 1717 633 1783 ὑποψίας
671 1717 814 1772 εἶναι
852 1720 1003 1786 παρὰ
1033 1730 1148 1782 τοῖς
1183 1724 1410 1783 πολλοῖς
1437 1714 1848 1791 αἰσθανόμενος

155 1798 228 1864 ώς
276 1801 571 1873 ἀνῃρηκώς
615 1802 713 1856 τὸν
760 1803 980 1871 Θύαμιν
1037 1802 1105 1856 οὐ
1154 1803 1528 1873 φαινόμενον,
1590 1807 1844 1875 χρήματα
1873 1824 1916 1858 20

155 1888 454 1956 πάμπολλα
483 1887 575 1940 καὶ
599 1888 926 1957 βοσκήματα
954 1897 1067 1949 τοῖς
1094 1889 1268 1952 ζῶντα
1294 1893 1741 1957 προσκομίσασιν
1769 1893 1848 1955 είς

154 1969 251 2034 τὰς
288 1970 478 2039 κώμας
503 1969 597 2034 τάς
635 1971 944 2041 λῃστρικάς
962 1973 1290 2041 διαπέμπων
1327 1973 1696 2043 ἐπεκήρυξεν
1738 1973 1845 2044 ὑφ’

157 2048 239 2109 ὦν
265 2054 496 2118 ἁλόντες
523 2057 581 2108 οἰ
603 2059 829 2126 λῃσταί,
858 2059 950 2108 καὶ
976 2057 1116 2125 μηδὲ
1143 2054 1293 2122 παρὰ
1319 2055 1380 2109 τὸ
1407 2057 1527 2121 ζέον
1553 2059 1646 2128 τῆς
1670 2061 1847 2129 μάχης

153 2143 250 2209 τῆς
287 2141 505 2209 μνήμης
544 2140 602 2192 τὸ
643 2140 839 2207 κέρδος
877 2139 1282 2208 ἀποβαλόντες,
1326 2141 1517 2211 ἐπειδή
1555 2162 1636 2206 τις
1663 2142 1846 2211 ἐγνώ-

157 2238 295 2293 ρισε,
323 2225 547 2276 πολλῶν
572 2226 841 2277 θανάτων
869 2225 1205 2294 ἐζώγρησαν.
1247 2225 1340 2278 καὶ
1362 2225 1459 2278 τὸν
1483 2226 1587 2295 μὲν
1614 2228 1845 2295 δέσμιον
1873 2243 1916 2276 25

155 2308 249 2361 ἐπὶ
273 2305 377 2375 τήν
405 2310 510 2374 γῆν
536 2309 987 2375 παραπέμπουσι,
1016 2306 1119 2376 τὴν
1143 2307 1401 2378 ἡμίσειαν
1428 2308 1616 2362 αὑτών
1638 2320 1847 2379 μοῖραν

155 2392 235 2454 εἰς
259 2389 364 2459 τήν
391 2388 655 2459 φυλακὴν
691 2390 1223 2460 ἀποκληρώσαντες,
1263 2391 1356 2445 καὶ
1392 2392 1570 2445 πολλὰ
1612 2398 1708 2463 τῆς
1749 2397 1845 2448 δο-

159 2475 369 2543 κούσης
394 2478 828 2543 φιλανθρωπίας
860 2476 1344 2546 ἐπιμεμφόμενον,
1383 2475 1475 2529 καὶ
1513 2475 1611 2530 τὸν
1638 2476 1847 2546 δεσμὸν

159 2559 587 2626 ἀγανακτοῦντα
612 2562 829 2626 μᾶλλον
855 2556 890 2628 ἢ
917 2563 1184 2613 θάνατον.
1225 2561 1285 2613 οἱ
1301 2562 1360 2612 δὲ
1381 2558 1680 2614 ὑπόλοιποι
1707 2561 1847 2631 πρὸς

157 2642 220 2695 τὸ
246 2645 446 2711 νησίον
474 2642 798 2710 ἐτράπησαν
825 2643 898 2705 ὡς
924 2643 989 2696 τὰ
1025 2643 1425 2713 ἐπιζητούμενα
1460 2646 1714 2714 κειμήλια
1752 2648 1845 2699 καὶ
1873 2661 1916 2694 30

159 2729 302 2780 σῦλα
330 2725 450 2779 κατ’
479 2723 616 2779 αὐτὸ
646 2723 995 2794 εὑρήσοντες.
1038 2726 1113 2791 ώς
1131 2729 1193 2781 δὲ
1218 2731 1403 2781 πᾶσαν
1425 2729 1842 2797 ἐπιδραμόντες,

147 2812 250 2863 καὶ
276 2811 442 2880 μέρος
466 2808 639 2864 οὐδὲν
665 2808 930 2880 ἀζήτητον
957 2811 1351 2880 ἀπολιπόντες,
1390 2807 1581 2864 οὐδενὶ
1610 2815 1723 2865 τών
1751 2816 1844 2866 ἐλ-

1470 3067 1501 3082 l
1511 3053 1515 3055 ι

1500 3086 1519 3100 0
