1916 3132
87 104 156 157 58
749 109 843 155 ΔΕ
850 108 1132 156 YTEPON

91 253 209 307 τοῖς
230 243 658 315 ἐντυγχάνουσι.
701 247 971 315 βουκόλοι
995 246 1103 350 γὰρ
1125 243 1267 298 ἄλλα
1289 264 1348 298 τε
1374 243 1513 314 πρὸς
1531 243 1594 299 τὸ
1616 249 1792 315 φοβε-

93 330 329 398 ρώτεροι
370 334 705 399 φαίνεσθαι,
756 330 845 382 καὶ
890 329 956 398 δὴ
999 329 1092 382 καὶ
1129 327 1451 427 τῂνῂκόμην
1489 334 1566 395 είς
1604 329 1791 401 ὀφρύν

88 415 316 468 ἕλκουσι
346 413 437 467 καὶ
466 418 719 483 σοβοῦσι
730 435 845 467 των
873 413 1043 484 ω’μων
1072 397 1502 503 επιβαινουΓν,
1533 435 1596 469 ευ
1624 420 1790 470 τοῦτο

90 500 329 567 εἰδότες,
359 520 432 562 ως
458 501 599 569 κόμη
627 498 760 562 τούς
785 499 888 566 μὲν
911 478 1223 569 «ἐρωτικοὺς
1254 500 1630 570 ίλαρωτέρους
1655 499 1790 566 τούς

89 583 152 638 δὲ
185 583 520 654 λῃστρικοὺς
558 582 985 687 φοβερωτέρους
1021 582 1444 667 άποδεικνυσιν.
1678 588 1838 636 “”“““5

2 673 68 725 21
174 666 489 739 άποτεμων
517 669 622 722 οὐν
648 667 676 724 6
704 669 952 771 Κνήμων
980 668 1120 722 ὅσον
1158 670 1306 732 εἰκὸς
1330 661 1403 737 ἦν
1432 672 1662 724 ἔλαττον
1690 691 1787 725 κο-

87 758 200 824 μάν
227 758 328 807 τοῦ
357 757 662 823 λῃστρικοῦ
688 753 786 808 τὸν
814 753 1147 822 αβρότερον,
1188 752 1277 807 ε’πὶ
1311 752 1415 823 τὴν
1426 745 1674 825 Χέμμιν
1684 753 1789 825 τὴν

89 838 303 908 κώμην,
345 839 412 891 οὑ
451 844 527 910 τῷ
562 842 826 908 Θεαγένει
867 838 1268 907 συνετέτακτο,
1310 841 1601 894 ἔσπευδεν.
1679 839 1787 910 ἤδη

87 924 149 976 δὲ
189 922 339 995 αὐτῷ
375 927 733 992 πλησιάζοντι
771 928 848 996 τῷ
876 928 1091 993 Νείλῳ,
1133 925 1224 976 καὶ
1265 921 1405 992 πρὸς
1440 923 1543 993 τὴν
1571 926 1789 994 Χέμμιν

87 1013 469 1077 περαιοῦσθαι
506 1011 795 1076 μέλλοντι,
847 1008 1166 1078 πρεσβύτης
1217 1029 1297 1072 τις
1336 1007 1482 1079 ἀνὴρ
1524 1010 1785 1063 ε’ναλύων
1818 1029 1859 1064 10

87 1103 207 1156 ταῖς
234 1092 430 1162 ὄχθαις
459 1094 674 1163 ἐφάνη,
703 1095 793 1146 καὶ
825 1089 1204 1161 δόλιχόν(τινα
1231 1097 1307 1163 τῷ
1336 1094 1547 1164 ῥείθρῳ
1574 1093 1790 1147 πολλά-

87 1198 174 1241 κις
211 1177 331 1231 ἅνω
370 1180 464 1232 καὶ
503 1181 651 1232 κάτω
692 1179 1025 1247 παραθέων,
1076 1176 1170 1230 καὶ
1203 1176 1393 1247 ὥσπερ
1443 1187 1522 1248 τῷ
1561 1181 1792 1248 ποταμῷ

88 1265 414 1332 φροντίδων
439 1268 614 1317 τινῶν
641 1265 1025 1331 κοινούμενος.
1081 1261 1114 1332 ἦ
1145 1263 1287 1332 κόμη
1309 1260 1449 1332 πρὸς
1473 1264 1535 1316 τὸ
1562 1262 1789 1330 ίερᾱίτε-

89 1368 193 1415 ρον
219 1354 449 1401 καθεῖτο
489 1346 581 1400 καὶ
621 1347 868 1418 άκριβῶς
904 1341 975 1417 ἦν
1014 1347 1215 1417 λευκή,
1254 1346 1316 1400 τὸ
1341 1349 1563 1417 γένειον
1589 1349 1790 1402 λάσιον

89 1433 181 1485 καὶ
210 1434 552 1502 σεμνότερον
587 1433 1019 1501 βαθυνόμενον,
1057 1431 1225 1503 στολὴ
1263 1432 1355 1486 καὶ
1386 1430 1615 1503 ἐσθὴςή
1646 1432 1787 1504 ἄλλη
1823 1453 1860 1487 15

88 1515 228 1584 πρὸς
265 1515 325 1570 τὸ
363 1517 804 1586 ἑλληνικώτερον
838 1518 1141 1586 βλέπουσα.
1203 1516 1408 1586 μικρὸν
1447 1508 1551 1570 οὖν
1587 1517 1790 1572 ἑαυτὸν

90 1602 392 1670 ε’πιστήσας
419 1600 447 1654 6
474 1604 752 1672 Κνήμων,
795 1600 869 1665 ιὸς
905 1602 1270 1671 άντιπαρέθει
1297 1602 1568 1664 πολλάκις
1594 1600 1623 1655 6
1650 1622 1788 1672 πρε-

88 1686 324 1755 σβύτης,
362 1685 496 1741 οὐδὲ
525 1692 580 1740 εἴ
599 1708 680 1748 τις
717 1687 869 1758 αύτῷ
894 1688 1166 1756 πάρεστιν
1194 1687 1572 1740 αἰσθάνεσθαι
1601 1689 1789 1742 δοκῶν

88 1770 291 1840 (οὕτως
316 1770 426 1839 ἄρα
456 1771 583 1834 ὅλος
609 1776 724 1825 τῶν
746 1771 1181 1841 φροντισμάτων
1202 1765 1294 1840 ἦν,
1322 1771 1415 1824 καὶ
1441 1770 1581 1839 πρὸς
1605 1775 1789 1842 μόνην

87 1853 192 1926 τὴν
218 1857 421 1919 σκέψιν
449 1853 477 1909 6
503 1859 638 1919 νοῦς
666 1856 974 1926 ἐσχόλαζε),
1015 1854 1154 1909 κατὰ
1181 1855 1485 1922 πρόσωπον
1510 1854 1790 1911 ὑπαντιά-
1819 1851 1860 1909 ἑο

89 1956 190 2003 σας
228 1945 422 2009 πρῶτα
460 1935 830 2010 μὲν(χαίρειν“’
855 1941 1095 1994 ἐκέλευε.
1161 1943 1263 1993 τοῦ
1302 1937 1459 1993 δὲὊύ
1498 1931 1803 1996 δύνασθαί

89 2027 402 2096 φήσαντος,
428 2023 637 2095 Ἐπειδὴ
679 2025 751 2094 μή
794 2024 941 2079 οὕτω
970 2027 1305 2094 συμβαίνειν
1332 2021 1483 2094 αὐτῷ
1511 2023 1663 2095 παρὰ
1689 2031 1789 2096 τῆς

88 2111 286 2179 τύχης,
313 2111 615 2178 θαυμάσας
643 2110 670 2162 6
700 2110 966 2180 Κνήμων,
990 2108 1197 2179 ’Ἐλλην
1226 2110 1313 2177 δέ,
1355 2106 1529 2178 εἶπεν,
1558 2108 1587 2163 6
1615 2111 1786 2181 ξένος,

86 2191 123 2264 ἢ
150 2197 358 2259 πόθεν;
401 2193 433 2247 ὃ
460 2197 552 2263 δέ,
594 2193 724 2248 οὔτε
748 2194 954 2264 Ἕλλην
982 2195 1115 2248 οὔτε
1142 2194 1322 2263 ξένος,
1358 2191 1483 2246 ἀλλ’
1515 2194 1789 2249 ἐντεῦθεν

89 2280 413 2349 Αἰγύπτιος.
487 2280 669 2333 πόθεν
698 2275 804 2333 οὗν
842 2281 1139 2349 ἑλληνίζεις
1174 2276 1277 2348 τὴν
1305 2278 1537 2347 στολήν;
1578 2280 1787 2332 δυστυ-
1818 2297 1860 2329 25

91 2365 326 2435 χήματα,
367 2368 494 2433 ἔφη,
535 2363 597 2417 τὸ
625 2366 885 2434 λαμπρόν
911 2384 979 2432 με
1014 2368 1179 2416 τοῦτο
1215 2368 1396 2432 σχῆμα
1422 2368 1784 2432 μετημφίασε.

88 2452 192 2503 τοῦ
231 2449 293 2503 δὲ
331 2450 644 2517 Κνήμωνος
694 2452 744 2503 εἰ
789 2448 1168 2519 φαιδρύνεταί
1211 2467 1293 2509 τις
1341 2445 1433 2499 ἐπὶ
1471 2457 1788 2518 συμφοραῖς

88 2534 502 2602 θαυμάζοντος,
547 2535 639 2586 καὶ
667 2539 842 2587 ταῦτα
868 2539 1076 2603 μαθεῖν
1102 2531 1422 2598 ἀξιοῦντος,
1457 2529 1693 2586 Ἰλιόθεν
1717 2552 1786 2601 με

91 2619 298 2687 φέρεις,
327 2615 666 2684 ἀπεκρίνατο
695 2616 724 2672 6
751 2615 1088 2720 πρεσβύτης,
1117 2617 1210 2670 καὶ
1237 2615 1448 2684 σμῆνος
1475 2636 1666 2670 κακων
1693 2615 1786 2670 καὶ

90 2702 190 2757 τὸν
213 2704 274 2757 ἐκ
296 2703 512 2756 τούτων
531 2703 792 2771 βόμβον’
771 2703 1051 2770 άπειρον
1032 2703 1122 2755 ἐπι
1145 2700 1384 2754 σεαυτὸν
1412 2710 1600 2762 κινεῖς.
1644 2699 1787 2753 ἄλλα
1815 2717 1858 2750 30

90 2798 192 2841 ποῖ
213 2787 279 2856 δὴ
306 2787 521 2857 πορεύῃ
560 2788 651 2840 καὶ
678 2792 864 2841 πόθεν
891 2808 932 2839 ω
963 2788 1186 2849 νεανία,
1227 2802 1343 2846 πως
1369 2785 1430 2837 δὲ
1457 2783 1559 2853 τὴν
1586 2784 1787 2854 φωνὴν

88 2872 298 2941 Ἐλλην
326 2873 389 2926 ἐν
416 2872 712 2943 Αἰγύπτω;
730 2872 994 2941 γελοῖον,
1033 2873 1139 2940 ἔφη
1168 2866 1197 2922 6
1222 2868 1495 2938 Κνήμων·
1539 2874 1653 2922 τῶν
1679 2890 1793 2939 γαρ
