1916 3132
18 0 47 32 Ι
79 0 97 18 Ι
145 0 163 20 Ι
232 0 245 16 Ι
531 26 533 28 ¹
618 16 623 26 μ
685 0 693 10 ι
772 0 790 14 υ

36 21 70 64 ‘r
88 19 301 69 malms
323 26 413 90 <sps
434 28 547 83 ⁶27²*
570 36 663 81 ›ut-⁶*
701 26 777 51 s

726 114 1069 163 ΔΕΚΑΤΟΝ
1627 110 1731 163 287

37 255 295 324 βελτίστη
323 253 448 322 ἔφη,
488 250 556 304 τὰ
591 251 695 320 μὲν
719 253 1078 354 γνωρίσματα
1108 247 1230 319 ἐμά,
1270 250 1332 302 σὲ
1370 242 1462 301 δὲ
1460 246 1601 318 ἐμὴν
1628 243 1731 302 οὖ-

37 352 147 392 σαν
173 337 390 400 τούτοις
415 333 745 406 κεχρῆσθαί,
775 334 867 388 καὶ
892 332 965 404 μή
995 333 1180 409 ἄλλως
1207 334 1603 439 ἐπιτυχοῦσαν,
1632 331 1727 385 ού-

37 422 185 476 δέπω
223 422 501 490 γνωρίζω·
542 417 684 488 πρὸς
719 417 830 488 γὰρ
868 428 983 481 τοῖς
1020 416 1228 482 ἄλλοις,
1266 419 1360 472 καὶ
1398 436 1560 487 χροια
1538 398 1731 485 sge'w]

35 509 133 576 τῆς
159 506 497 568 Αἰθιοπίδος
531 504 862 573 λαμπρύνει.
925 504 1018 555 και
1046 500 1074 555 6
1100 505 1458 577 Σισιμίθρης,
1496 499 1730 569 λευκήν,

39 594 167 662 ἔφη,
207 588 360 658 κᾶγω
386 589 508 642 τότε
535 586 838 657 ἀνειλόμην
862 582 936 656 ἢν
962 585 1284 657 ἀνειλόμην.
1337 585 1516 648 ἄλλως
1550 604 1611 639 τε
1638 586 1732 637 καὶ

36 696 151 729 των
191 676 335 728 ἐτων
373 670 402 727 6
438 674 640 743 χρόνος
679 674 979 741 συμβαίνει
1017 670 1157 740 πρὸς
1181 671 1286 740 τὴν
1311 674 1610 740 παροῦσαν
1634 673 1734 739 τῆς

36 758 207 829 κόρης
231 756 476 828 ἡλικίαν,
517 756 891 826 ἑπτακαίδεκά
926 775 1039 809 που
1065 759 1180 809 τῶν
1207 756 1437 810 πάντων
1458 744 1652 823 ταύτῃ
1672 772 1732 805 τε
1748 757 1757 834 ‘3

35 843 132 898 καὶ
167 846 236 913 τῇ
263 842 485 897 ἐκθέσει
510 835 933 911 πληρουμένων.
993 840 1116 909 ἐμοὶ
1153 841 1214 894 δὲ
1241 841 1336 894 καὶ
1361 859 1475 893 των
1502 838 1729 908 ὀφθαλ-

37 949 161 998 μων
186 925 249 981 τὸ
275 928 490 998 βλέμμα
517 929 865 995 προΐσταται,
896 924 988 979 καὶ
1015 923 1115 978 τὸν
1143 923 1275 978 ὅλον
1301 929 1399 993 τῆς
1425 922 1604 988 όψεως
1629 942 1732 991 χα-

0 1016 290 1082 ορακτῆρα
328 1013 421 1065 καὶ
458 1009 520 1063 τὸ
557 1008 844 1078 ὑπερφυὲς
878 1013 976 1079 τῆς
1019 1008 1167 1078 ὥρας
1205 1007 1592 1078 ὁμολογοῦντα
1617 1015 1734 1068 τοῖς

35 1097 160 1151 τότε
185 1097 252 1150 τὰ
288 1098 421 1149 νυνὶ
447 1095 762 1163 φαινόμενα
793 1098 1058 1164 γνωρίζω.
1077 1078 1109 1172 ss
1123 1093 1286 1147 ταυτὶ
1318 1093 1423 1161 μὲν
1458 1091 1660 1160 ἄριστα
1687 1080 1732 1142 ὦ

39 1184 369 1250 Σισιμίθρη,
409 1179 550 1248 πρὸς
587 1175 761 1231 αὐτὸν
788 1176 817 1232 6
844 1176 1136 1249 Ὑδάσπης,
1179 1178 1272 1231 καὶ
1305 1175 1379 1241 ὥς
1413 1175 1486 1229 ἄν
1519 1195 1601 1236 τις
1621 1175 1732 1249 ’έκ-

33 1265 328 1335 θυμότατα
367 1252 959 1333 συνηγορῶνῖ-μᾶλλον
983 1259 1020 1332 ἢ
1046 1264 1302 1328 δικάζων.
1367 1258 1492 1314 ἀλλ’
1523 1257 1631 1328 ὅρα
1654 1255 1729 1326 μή

35 1350 202 1419 μέρος
227 1369 280 1402 τι
307 1334 678 1439 λύων)ἕτερον
705 1346 990 1410 άνακινεῖς
1015 1346 1298 1417 ἄπόρημα,
1335 1341 1526 1399 δεινόν
1552 1362 1612 1396 τε
1637 1340 1732 1395 καὶ

1 1433 299 1503 ιούδαμῶς
337 1430 735 1486 ἀπολύσασθαι
772 1430 875 1501 τὴν
915 1433 1037 1500 ἐμοὶ
1076 1434 1430 1501 συμβιοῦσαν
1461 1427 1727 1497 εὔπορον.

36 1517 245 1586 λευκὴν
269 1514 379 1585 γὰρ
406 1521 521 1579 πῶς
547 1514 629 1570 ἂν..
646 1517 917 1579 Αἰθίοπες
949 1513 1444 1585 άμφότεροῑ>παροὶ
1481 1512 1544 1566 τὸ
1584 1509 1732 1572 εἰκὸς

37 1602 455 1669 ἐτεκνώσαμεν;
494 1598 818 1667 ὑποβλέψας
856 1591 960 1652 οὖν
999 1599 1028 1652 6
1055 1603 1398 1671 Σισιμίθρης
1426 1600 1525 1652 καί
1555 1616 1608 1649 τι
1647 1597 1728 1648 εἰ-

35 1686 281 1755 ρωνικὸν
317 1683 742 1754 ὑπομειδιάσας,
771 1681 864 1736 ’σύ
912 1684 1016 1752 μὲν
1064 1683 1167 1738 οὐκ
1214 1682 1341 1739 οἶδα
1356 1725 1372 1753 ,
1422 1687 1560 1754 ἔφη,
1609 1679 1641 1734 ὅ
1677 1700 1730 1732 τι

35 1770 267 1839 πάσχεις
284 1768 394 1823 ἀπὸ
418 1774 519 1822 τοῦ
546 1770 758 1839 τρόπου
783 1772 883 1821 τοῦ
911 1772 1035 1838 σοῦ,
1072 1769 1133 1824 τὸ
1161 1768 1342 1839 παρὸν
1378 1772 1729 1841 συνηγορίριν

0 1850 172 1922 οὴμῖν
198 1854 500 1922 ὀνειδίζων,
538 1852 611 1938 {1¹2²
646 1852 749 1906 οὐκ
786 1873 856 1906 αν
889 1853 950 1907 ἐν
986 1855 1186 1926 φαύλω
1221 1857 1593 1923 ποιησαίμην·
1643 1855 1729 1914 δι-

36 1936 251 2015 καστην
285 1958 395 2007 γαρ
431 1934 695 2017 ὁρίζομεν
700 1936 967 2017 γνήσιον
971 1939 1071 1992 τὸν
1096 1943 1198 1992 τοῦ
1225 1940 1449 1991 δικαίου
1479 1938 1727 2006 συνήγο-

36 2039 158 2091 ρον.
198 2023 255 2075 τί
275 2022 338 2075 δὲ
364 2020 488 2091 οὐχὶ
515 2022 603 2075 σοὶ
627 2025 842 2090 μᾶλλον
867 2018 904 2091 ἦ
925 2027 994 2092 τῇ
1022 2024 1161 2094 κόρῃ
1183 2038 1520 2092 συνηγορων
1541 2021 1724 2091 φανή-

35 2121 219 2176 σομαι,
258 2107 466 2175 πατέρα
492 2121 556 2160 σε
586 2106 698 2160 σὺν
724 2115 840 2169 τοῖς
864 2113 1021 2171 θεοῖς
1050 2105 1404 2175 ἀναδεικνύς,
1445 2107 1538 2160 καὶ
1561 2102 1635 2174 ἢν
1663 2106 1726 2159 ἐκ

37 2192 380 2259 σπαργάνων
406 2193 720 2260 περιέσωσα
755 2188 890 2260 ὑμῖν
915 2194 1222 2262 θυγατέρα,
1262 2192 1472 2260 ταύτην
1498 2189 1591 2244 καὶ
1616 2194 1727 2243 νῦν

0 2270 460 2344 εᾶνασωζομένην
500 2273 588 2328 ἐπ’
619 2272 902 2380 άκμῆς-ῗού
929 2280 1229 2346 περιορῶν.
1292 2273 1436 2328 ἀλλὰ
1462 2273 1534 2328 σὺ
1560 2276 1664 2343 μὲν
1690 2270 1728 2326 ἂ

0 2358 231 2430 ,βούλει
267 2362 546 2428 γίγνωσκε
584 2361 713 2429 περὶ
717 2358 914 2434 ᾑμων,
954 2360 1161 2414 οὐδένα
1197 2357 1483 2428 ὑπόλογον
1522 2360 1727 2413 τούτου

0 2445 411 2542 Qe'voev·
452 2443 520 2497 οὐ
557 2444 666 2514 γὰρ
701 2443 842 2514 πρὸς
853 2442 983 2513 τήν
1010 2444 1215 2529 ετέρων
1241 2443 1539 2515 αρέσκειαν
1564 2444 1727 2512 βιοῦ-

32 2545 158 2596 μεν,
184 2526 247 2581 τὸ
273 2528 334 2582 δὲ
361 2527 500 2582 αὐτὸ
527 2527 703 2582 καλὸν
728 2527 988 2598 κάγαθὸν
1014 2522 1308 2600 ζηλοῦντες
1344 2525 1578 2589 ἑαυτοὺς
1604 2530 1726 2580 πεί-

34 2614 189 2666 θειν
184 2610 520 2681 ἀγαπῶμεν.
585 2617 682 2682 τῆς
706 2633 769 2682 γε
806 2613 921 2683 μὴν
959 2635 1098 2668 κατα
1134 2614 1240 2684 τὴν
1263 2632 1463 2682 χροιαν
1489 2610 1726 2680 ἄποριας

0 2697 233 2765 Όφράζει
255 2697 357 2766 μέν
383 2711 473 2752 σοι
499 2696 646 2752 καὶ“
615 2718 648 2767 η
676 2702 864 2752 ταινία
888 2697 992 2767 τὴν
1027 2697 1212 2771 λύσιν,
1253 2695 1634 2766 ὁμολογούσης
1661 2695 1726 2747 ἐν

36 2776 176 2849 αὐτῇ
201 2782 434 2851 ταυτησὶ
453 2785 705 2860 Περσίνη
708 2803 817 2883 ς
754 2758 1089 2836 εσπακεναιῖ
1083 2802 1209 2835 τινα
1235 2783 1440 2835 εἴδωλα
1461 2781 1552 2832 καὶ
1575 2797 1724 2846 φαν-

36 2862 278 2928 τασίας’
253 2865 593 2935 ομοιοτήτων
617 2844 817 2920 ἄπο
751 2887 848 2936 της
873 2868 1012 2921 κατὰ
1048 2867 1153 2936 τὴν
1182 2864 1560 2935 Ἀνδρομέδαν
1585 2859 1725 2928 πρὸς
