1916 3132
175 38 280 90 106
688 68 695 76 ·
902 42 1066 87 LIBRI
1097 43 1139 88 V

169 162 528 231 pulcherrime
566 161 803 222 triclinio
850 163 1106 233 mirisque
1151 164 1261 217 illis
1301 168 1355 218 et
1399 165 1572 219 beatis
1611 166 1857 221 edulibus

172 237 357 306 [atque
397 222 646 305 tuccetis]
688 236 934 290 oblectat.
989 238 1138 291 iubet
1177 239 1436 292 citharam
1473 240 1639 310 loqui,
1676 241 1856 310 psalli-

168 315 285 380 tur3
339 311 500 363 tibias
555 328 734 380 agere,
789 315 1034 382 sonatur3
1085 313 1276 366 choros
1331 332 1543 384 canere,
1597 318 1873 374 cantatun'

172 405 307 455 quae
354 388 545 437 cuncta
589 385 737 437 nullo
783 390 1062 455 praesente
1109 387 1431 440 dulcissimis
1478 389 1709 442 modulis
1748 389 1856 442 ani-

169 479 287 512 mos
327 459 657 512 audientium
696 460 1073 514 remulcebant.
1149 481 1246 514 nec
1285 466 1464 515 tamen
1511 463 1854 516 scelestarum
1901 486 1916 520 ε

169 534 491 587 feminarum
529 530 792 602 nequitia.
815 535 903 587 uel
941 535 1058 604 ipsa
1102 536 1307 588 mellita
1353 540 1539 590 cantus
1579 537 1855 591 dulcedine

169 608 381 660 mollita
412 608 721 677 conquieuit
752 609 844 661 sed
877 609 943 661 ad
974 610 1293 662 destinatam
1323 610 1592 663 fraudium
1615 593 1768 680 pedi‘c

170 701 469 735 sermonem
503 682 832 735 conferentes
859 683 1256 737 dissimulanter
1280 685 1550 754 occipiunt
1581 685 1857 755 sciscitari,

170 757 344 825 qualis
395 756 444 809 ei
481 757 705 808 maritus
757 760 810 809 et
854 758 994 810 unde
1041 758 1326 827 natalium,
1379 759 1523 812 secta
1570 755 1692 812 cuia
1735 779 1854 829 pro-

110 830 115 835 ”
169 831 393 884 ueniret.
456 834 585 884 tunc
623 831 718 883 illa
755 831 1098 900 simplicitate
1138 833 1304 884 nimia
1330 831 1556 908 (pristini
1594 834 1855 887 sermonis
1879 857 1916 888 ιι

168 903 567 995 οὓῌὺα)ῃουιιω
593 909 953 959 commentum
978 906 1198 959 instruit
1230 910 1390 976 atque
1420 907 1674 960 maritum
1698 926 1855 960 suum

158 980 234 1032 ‘de
256 980 536 1049 prouincia
565 980 811 1048 proxima
840 980 1050 1049 magnis
1083 981 1323 1049 pecuniis
1354 981 1716 1051 negotiantem
1747 981 1855 1034 iam

167 1055 404 1107 medium
443 1072 658 1106 cursum
698 1055 887 1106 aetatis
927 1072 1099 1124 agere,
1137 1055 1521 1123 interspersum
1559 1074 1680 1108 rara
1717 1056 1855 1108 cani—

166 1129 255 1181 tie.
332 1147 429 1181 nec
467 1129 523 1180 in
586 1147 635 1196 p.
662 1128 746 1180 88.
770 1128 857 1197 E]
898 1147 1140 1181 sermone
1178 1129 1285 1181 isto
1324 1129 1597 1182 tantillum
1647 1133 1888 1183 morata·

167 1221 381 1255 rursum
422 1203 547 1271 opip
582 1190 687 1254 ris!
697 1203 1008 1255 muneribus
1042 1222 1130 1255 eas
1170 1207 1390 1256 onustas
1437 1207 1662 1256 uentoso
1708 1204 1853 1257 uehi·
1877 1225 1916 1260 u

168 1277 290 1330 culo
329 1276 573 1330 reddidit.

279 1350 424 1403 XVI.
474 1350 577 1403 Sed
616 1351 743 1402 dum
774 1350 1004 1419 Zephyri
1045 1351 1336 1420 tranquillo
1377 1351 1571 1420 spiritu
1603 1351 1861 1404 sublima—-

167 1429 252 1478 tae
286 1426 503 1478 domum
542 1426 779 1493 redeunt,
818 1426 894 1477 sic
927 1443 1106 1478 secum
1138 1425 1452 1478 altercantes
1492 1425 1657 1495 ‘quid‚
1689 1444 1855 1495 soror,

167 1499 394 1571 dicimus
442 1500 504 1551 de
559 1503 670 1551 tam
724 1502 1064 1552 monstruoso
1118 1500 1296 1552 fatuae
1342 1499 1488 1551 ilh'us
1537 1500 1852 1553 mendacio?

166 1576 296 1626 tunc
343 1573 649 1626 adulescens
703 1574 862 1626 modo
915 1574 1128 1626 florenti
1183 1574 1435 1643 lanugine
1494 1574 1715 1626 barbam
1775 1574 1851 1626 in·
1875 1595 1916 1628 π

166 1651 379 1700 struens
389 1689 402 1715 ,
455 1666 596 1699 nunc
643 1650 814 1699 aetate
868 1647 1044 1699 media
1097 1648 1344 1700 candenti
1390 1648 1582 1700 canitie
1627 1647 1852 1701 lucidus.
1902 1655 1912 1669 ²

169 1722 290 1790 quis
328 1721 419 1773 ille
460 1739 617 1789 quem
657 1721 914 1788 temporis
952 1722 1149 1774 modici
1189 1722 1422 1790 spatium
1460 1722 1738 1791 repentina
1775 1741 1852 1775 se·

166 1800 324 1848 necta
360 1794 708 1848 reformauit?
755 1794 833 1846 nil
871 1794 1016 1846 aliud
1053 1795 1336 1864 repperieS‚
1373 1796 1448 1847 mi
1487 1814 1653 1865 soror,
1691 1814 1852 1864 quam

168 1870 268 1922 uel·
302 1869 578 1922 mendacio
626 1869 735 1921 ista
781 1869 1068 1936 pessimam
1112 1869 1366 1921 feminam
1414 1870 1715 1939 confingere
1763 1869 1851 1922 uel

165 1945 395 1997 formam
434 1943 614 1994 mariti
654 1943 737 1994 sui
766 1942 984 1995 nescire.
1038 1961 1274 2011 vquorum
1305 1946 1487 1994 utrum
1527 1961 1715 1995 uerum
1753 1947 1850 2012 est,
1874 1963 1916 1998 2⁵

102 2075 104 2077 ‚
169 2019 362 2086 opibus
401 2017 521 2069 istis
554 2035 713 2086 quam
751 2017 985 2085 primum
1024 2016 1425 2068 exterminanda
1463 2019 1558 2068 est.
1622 2017 1764 2085 quod
1804 2018 1850 2069 si

168 2092 274 2144 uiri
314 2092 397 2144 sui
419 2091 626 2144 faciem
665 2088 891 2160 ignorat,
930 2091 1026 2142 deo
1057 2090 1296 2163 profecto
1329 2090 1578 2158 denupsit
1609 2093 1662 2142 et
1693 2090 1851 2143 deum

167 2166 323 2219 nobis
362 2165 744 2234 praegnatione
782 2165 887 2218 ista
918 2164 1069 2234 gerit.
1131 2167 1271 2216 certe
1304 2165 1349 2215 si
1381 2164 1551 2216 diuini
1588 2164 1754 2233 puelli
1776 2195 1851 2202 -—

169 2240 313 2309 quod
352 2239 493 2291 absit
530 2271 603 2276 ——
639 2238 771 2291 haec
808 2242 979 2291 mater
1017 2238 1264 2306 audierit,
1315 2238 1495 2290 statim
1535 2257 1620 2290 me
1657 2238 1848 2308 laqueo

166 2313 334 2367 nexili
385 2313 718 2381 suspendam.
796 2330 923 2382 ergo
968 2312 1184 2365 interim
1235 2312 1302 2363 ad
1345 2315 1591 2380 parentes
1637 2316 1850 2366 nostros
1873 2333 1916 2371 30

287 2522 310 2561 1
342 2516 653 2574 pulcherrime
677 2517 798 2572 Εφδ
828 2515 1139 2573 pulcherrimo
1163 2515 1214 2560 E.
1248 2517 1305 2571 cf.
1326 2521 1396 2560 83.
1418 2522 1458 2560 7.
1477 2521 1502 2561 8
1623 2522 1649 2561 2
1683 2516 1847 2574 satque

164 2576 385 2636 tuccetis]
409 2577 573 2621 seclusi
595 2578 643 2619 et
665 2576 924 2632 potulentis
944 2577 1073 2621 Corn.
1160 2580 1185 2618 5
1219 2575 1548 2620 demulcebant
1571 2577 1601 2620 ὃ
1683 2580 1710 2619 6
1741 2574 1846 2632 ipsa

168 2666 264 2711 δΕ.
307 2665 394 2709 illa
423 2664 504 2719 Fcp
514 2678 546 2720 g
667 2669 690 2708 7
732 2664 951 2708 fraudum
989 2681 1025 2721 φ
1147 2668 1200 2707 15
1232 2636 1429 2708 honusta
1461 2681 1496 2720 φ
1618 2668 1672 2708 18
1705 2663 1847 2708 alter·

167 2727 328 2769 cantes
367 2724 448 2780 Fq)
465 2722 515 2767 E.
565 2722 855 2767 altercantur
886 2725 916 2768 ὃ
1063 2727 1120 2766 20
1159 2722 1429 2767 adolescens
1467 2723 1504 2766 F
1624 2728 1682 2766 24
1717 2736 1847 2767 men·

169 2785 304 2828 dacio
343 2783 436 2827 ista
475 2782 612 2827 Salm.
666 2783 911 2826 mendacio
949 2782 1087 2826 istam
1128 2783 1226 2826 cdd.
1281 2781 1577 2826 mendacium
1612 2781 1754 2826 istam
1792 2781 1845 2826 E.

167 2842 415 2887 mendacia
451 2842 563 2886 Oud.
687 2841 754 2885 29'
774 2842 979 2886 audierit
1009 2841 1112 2897 F¹qo
1170 2840 1376 2885 *adierit
1405 2840 1464 2884 F²

1395 3092 1448 3132 ⁴·ss
