1916 3132
134 102 204 155 62
787 107 882 152 ΔΕ
890 107 1165 154 ΥΤΕΡΟΝ

137 240 192 306 ἐξ
233 244 405 306 ἔθους
441 240 470 295 6
507 242 826 311 πρεσβύτης
865 243 1099 296 ἐσιτεῖτο
1137 245 1340 313 (ψυχῆς
1364 241 1473 314 γάρ
1500 242 1593 299 διοὶ
1618 249 1834 315 βρῶσιν

136 323 271 380 ου’δὲ
297 328 359 380 ἓν
385 326 701 398 ἀφῃρεῖτο),
743 328 1104 397 ἐπερρόφουν
1143 326 1175 381 ὃ
1211 328 1315 398 μὲν
1352 332 1457 382 τοῦ
1481 328 1686 392 ὕδατος
1714 329 1745 384 ὃ
1771 331 1833 386 δὲ

137 409 230 463 καὶ
267 407 445 478 οἶνον,
486 409 515 464 6
550 411 816 480 Κνήμων.
889 410 948 474 ὅς
985 432 1048 480 γε
1086 414 1178 466 καὶ
1216 411 1418 482 μικρὸν
1456 414 1758 485 διαλιπών,
1804 415 1835 470 6

134 495 438 563 Διόνυσος,
468 493 641 563 εἶπεν,
681 493 850 548 οἶσθα
887 488 930 549 ὦ
966 497 1143 564 πάτερ
1180 496 1255 561 ὡς
1289 501 1467 567 χαίρει
1505 498 1713 567 μύθοις
1736 502 1831 555 καὶ

136 582 429 651 κωμῳδίας
467 584 636 650 φιλεῖ.
712 579 850 648 κάμὲ
899 578 966 650 δὴ
1017 573 1122 635 οὖν
1170 580 1235 635 τά
1284 586 1395 635 νῦν
1446 584 1841 654 εἰσῳκισμένος
1880 601 1908 640 ,5

136 663 326 734 ἀνίησι
364 666 504 733 πρὸς
542 667 645 735 τὴν
685 663 979 734 ἀκρόασιν,
1019 666 1121 720 τόν
1155 687 1213 720 τε
1254 666 1671 736 ἐπηγγελμένον
1697 673 1839 740 πρὸς

137 752 245 802 σοῦ
281 749 491 818 μισθὸν
530 750 790 804 ἀπαιτεῖν
830 752 1054 819 ἐπείγει.
1131 751 1225 804 καὶ
1263 749 1380 820 ω’ρα
1419 766 1509 805 σοι
1547 753 1610 806 τὸ
1650 754 1837 824 δρᾶμα

135 835 397 903 καθάπερ
439 833 530 888 ἐπὶ
569 840 782 905 σκηνῆς
818 840 892 908 τῷ
933 837 1080 908 λόγῳ
1119 836 1524 901 διασκευάζειν.

244 917 474 982 ἀκούοις
522 919 625 988 ἀν,
685 922 807 990 ἔφη.
895 919 1022 974 ἀλλ’
1064 926 1184 975 εἴθε
1221 940 1283 988 γε
1323 923 1417 973 καὶ
1454 920 1555 974 τὸν
1591 923 1835 993 χρηστὸν

138 1004 466 1057 Ναυσικλέα
507 1014 771 1071 παρεῖναι
805 1003 939 1075 ἡμῖν
976 1006 1332 1075 συνέβαινεν,
1373 1001 1439 1058 ὃν
1474 1010 1746 1070 πολλάκις
1769 1029 1835 1077 γε
1866 1022 1905 1056 1⁰

137 1087 211 1141 δι’
254 1086 423 1156 ὄχλου
468 1090 771 1158 γινόμενον
826 1093 1118 1159 μυηθῆναι
1164 1088 1269 1159 τήν
1318 1089 1603 1159 ἀφήγησιν
1654 1091 1836 1157 ἄλλως

49 1184 120 1236 24
136 1171 336 1226 ἄλλοτε
376 1175 832 1241 διεκρουσάμηνξ
879 1179 990 1227 ποῦ
1019 1172 1072 1227 δ’
1099 1170 1171 1226 ἂν
1210 1180 1293 1243 εἴη
1333 1172 1400 1228 τά
1429 1178 1554 1242 νῦν,
1593 1174 1834 1245 ἥρω’ταὸ

134 1258 412 1326 Κνήμων,
466 1257 540 1320 ὡς
576 1256 825 1328 τοῦνομα
863 1259 963 1311 τοῦ
999 1261 1392 1322 Ναυσικλέους
1431 1261 1664 1327 ἐπέγνω.
1742 1259 1832 1314 ἐπ’

135 1341 338 1411 ἄγραν,
379 1345 515 1412 ἔφη,
556 1345 918 1411 πεπόρευται.
982 1347 1082 1396 τοῦ
1119 1345 1180 1398 δὲ
1208 1342 1408 1396 ὁποίαν
1435 1345 1607 1396 πάλιν
1637 1346 1830 1414 ἐρομέ-

136 1448 260 1496 νου,
289 1430 528 1496 θηρίων,
559 1431 683 1496 ἔφη,
713 1432 827 1481 τῶν
853 1427 1280 1497 χαλεπωτάτων,
1309 1431 1366 1480 οἳ
1398 1432 1702 1483 καλοῦνται
1727 1429 1832 1498 μὲν
1865 1444 1904 1482 15

136 1510 431 1580 ἄνθρωποι
470 1514 561 1566 καὶ
599 1513 897 1581 βουκόλοι,
947 1514 1145 1583 λῃσταὶ
1197 1514 1260 1566 δέ
1295 1515 1400 1566 εἰσι
1438 1515 1538 1567 τὸν
1573 1517 1702 1582 βίον
1740 1515 1834 1568 καὶ

137 1597 456 1658 δυσάλωτοι
495 1597 878 1664 παντάπασιν,
928 1595 1034 1651 ὅσα
1085 1602 1324 1666 φωλεοῖς
1359 1597 1450 1651 καὶ
1486 1598 1718 1668 σήραγξι
1755 1601 1832 1670 τῷ

137 1682 250 1734 ἕλει
276 1684 567 1751 χρώμενοι.
612 1682 840 1750 ἐγκαλεῖ
863 1683 922 1733 δὲ
950 1680 1140 1743 αὐτοῖς
1165 1686 1290 1735 τίνα
1318 1684 1530 1745 αἰτίαν;
1567 1682 1829 1752 Ἀττικῆς,

137 1769 274 1836 ἔφη,
315 1766 595 1836 ἐρωμένης
631 1764 919 1835 ἁρπαγήν,
957 1764 1031 1835 ἣν
1068 1769 1284 1835 Θίσβην
1319 1767 1531 1830 ἐκεῖνος
1566 1765 1830 1834 ω’νόμαζε.

139 1854 280 1920 φεῦ,
322 1847 479 1904 εἶπεν
519 1850 547 1903 6
586 1851 853 1920 Κνήμων,
893 1850 986 1903 καὶ
1024 1849 1256 1918 ἀθρόον)
1284 1851 1597 1919 ἐσιώπησεν
1641 1849 1829 1920 ὥσπερ
1859 1865 1900 1897 20

138 1935 342 1990 ἑαυτοῦ
371 1936 693 2004 λαβόμενος.
744 1939 846 1987 τοῦ
874 1936 934 1987 δὲ
962 1933 1283 2003 πρεσβύτου
1308 1938 1367 1988 τί
1386 1936 1675 1998 πέπονθας
1702 1935 1830 2004 ἐρο-

137 2020 331 2088 μένου,
372 2017 511 2089 πρός
549 2018 692 2072 ἄλλα
732 2019 760 2071 6
799 2020 1046 2089 Κνήμων
1084 2018 1336 2088 ἀπάγων,
1374 2022 1661 2087 θαυμάζω,
1702 2021 1829 2088 ἔφη,

138 2108 254 2166 πῶς
278 2100 314 2173 ἢ
338 2109 451 2158 τίνι
475 2104 617 2172 χειρὶ
649 2102 936 2167 πεποιθώς
965 2105 1296 2174 ἐνεθυμήθη
1323 2106 1427 2174 τὴν
1454 2105 1680 2172 ἔφοδον.
1737 2101 1831 2156 καὶ

140 2190 230 2255 ὃς,
259 2191 504 2257 βασιλεῖ,
535 2191 669 2258 ἔφη,
699 2190 848 2256 ξένε,
877 2193 953 2258 τῷ
979 2190 1200 2261 μεγάλῳ
1228 2189 1567 2257 σατραπεύει
1593 2187 1695 2256 τὴν
1721 2193 1823 2241 Ae?-

138 2292 357 2342 γυπτον
391 2271 785 2343 Ὀροονδάτης,
822 2269 894 2328 οὗ
928 2273 1067 2327 κατὰ
1105 2274 1433 2343 πρόσταγμα
1472 2272 1830 2341 φρούραρχος
1857 2285 1900 2318 25

141 2358 436 2426 Μιτράνης
472 2358 639 2426 τήνδε
678 2360 1024 2428 κεκλήρωται
1061 2356 1166 2425 τὴν
1203 2357 1409 2426 κώμην.
1476 2360 1679 2410 τοῦτον
1706 2356 1773 2424 δὴ
1801 2353 1832 2409 6
1907 2391 1909 2393 -

141 2435 470 2510 ΝΤιτῖσικλῆς
516 2443 606 2495 ἐπὶ
653 2445 897 2511 χρήμασι
932 2441 1191 2511 μεγάλοις
1235 2440 1356 2509 ἄγει
1403 2442 1512 2494 σὺν
1547 2441 1698 2511 ἵππῳ
1737 2440 1830 2493 καὶ

140 2525 335 2580 ἀσπίδι
374 2529 571 2595 πολλῇ.
633 2530 956 2594 χαλεπαίνει
995 2526 1055 2580 δὲ
1082 2527 1184 2595 τὴν
1211 2524 1511 2594 ἀφαίρεσιν
1537 2528 1635 2593 τῆς
1653 2522 1830 2578 Ἀττι-

141 2616 243 2681 κῆς
289 2611 460 2678 κόρης
507 2608 611 2678 οὐχ
657 2608 730 2673 ὣς
778 2611 1057 2680 ἐρωμένης
1099 2610 1276 2677 μόνον
1314 2608 1403 2662 καὶ
1442 2611 1830 2679 μουσουργίαν

142 2695 400 2766 ἀρίστης,
431 2693 556 2746 ἀλλ’
586 2694 668 2747 ὅτι
695 2691 872 2764 αὐτὴν
900 2696 991 2747 καὶ
1017 2697 1243 2762 βασιλεῖ
1252 2697 1336 2763 τῷ
1347 2692 1658 2761 ,ᾼίθιόπων
1684 2690 1830 2745 ἀπά-
1858 2705 1901 2738 30

145 2782 259 2845 ξειν
307 2782 565 2849 ἔμελλεν,
616 2777 690 2842 ὥς
738 2777 904 2847 αὐτὸς
952 2781 1183 2846 ἔφασκε,
1249 2781 1460 2846 γαμετῇ
1498 2780 1564 2846 τῇ
1605 2777 1830 2830 ἐκείνου

144 2868 561 2933 συμπαίστριαν
587 2861 679 2916 καὶ
703 2864 1010 2938 συνόμιλον
1037 2865 1103 2915 τὰ
1124 2861 1405 2930 Ἑλλήνων
1428 2861 1716 2929 ἐσομένην.
1756 2856 1830 2920 ὥς
1911 2913 1915 2915 μ
