1916 3132
247 4 249 9 f
281 4 385 37 [ηπ.
580 2 639 16 M.
743 0 786 33 ,1⁷
809 10 814 17 .,
842 0 901 14 ,ἡ
963 3 992 9 ..,
1093 0 1583 42 a..⁴25,‚„.„„2....-2J.‚s.‚.1
1607 3 1628 12 ,
1666 0 1738 38 Vh
1787 0 1814 39 η
1893 0 1916 36 ,-

208 69 278 122 80
903 71 1066 116 LIBRI
1099 72 1187 116 ΠΠ

207 191 435 245 Thracio
475 192 719 261 proditus
759 193 843 245 ius
883 193 1146 246 amicitiae
1186 212 1454 246 summum
1493 213 1614 248 cum
1659 195 1754 250 illo
1790 196 1893 251 De-

204 266 453 319 mochare
508 266 738 335 colebat,
799 266 1008 320 litteras
1064 267 1407 337 adfingimus,
1469 271 1530 321 ut
1590 270 1892 324 uenationis

205 359 331 393 suae
371 340 638 409 primitias
671 341 844 393 bonus
878 341 1079 394 amicus
1111 342 1384 395 uideretur
1414 343 1652 399 ornando
1682 347 1894 400 muneri

207 414 490 468 dedicasse.
536 415 781 483 Xiamque
838 419 1092 484 prouecta
1145 435 1368 485 uespera
1421 416 1575 470 abusi
1626 419 1891 487 praesidio

203 489 543 541 tenebrarum
591 489 971 558 Thrasyleonis
1019 509 1234 543 caueam
1272 490 1594 544 Demochari
1640 511 1761 545 cum
1804 492 1890 546 lit-

203 564 332 615 teris
383 562 492 614 illis
547 563 859 617 adulterinis
915 564 1188 617 offerimus
1197 607 1210 634 ‚
1273 565 1365 634 qui
1411 565 1636 619 miratus
1688 567 1891 621 bestiae

202 637 626 707 magnitudinem
666 638 856 707 suique
896 639 1291 692 contubernalis
1331 643 1633 708 opportuna
1660 640 1891 694 liberali-

202 714 314 764 tate
359 711 590 764 laetatus
630 712 786 776 *iubet
819 714 1064 780 protinus
1109 714 1255 767 nobis
1305 714 1486 783 gaudii
1526 715 1636 785 sui,
1689 720 1749 768 ut
1781 716 1892 783 ipse

204 785 386 850 aiebat,
428 780 650 856 gerulis4
667 786 848 839 decem
888 805 1076 840 aureos
1114 807 1141 840 e
1174 787 1284 840 suis
1315 787 1505 841 loculis
1539 789 1888 843 adnumerari.

202 863 330 912 tunc
369 863 431 912 ut
468 861 682 914 nouitas
723 862 1002 914 consueuit
1042 862 1108 913 ad
1145 862 1449 930 repentinas
1496 862 1732 916 uisiones
1780 864 1916 919 ani-2

200 952 317 987 mos
348 934 628 987 hominum
658 935 871 1004 pellere7
903 935 1063 987 multi
1086 954 1307 988 numero
1332 936 1637 988 mirabundi
1660 937 1888 990 bestiam

199 1008 560 1078 confluebant,
607 1027 834 1078 quorum
885 1010 1016 1063 satis
1064 1000 1341 1062 callenter³
1365 1010 1603 1063 curiosos
1643 1015 1888 1080 aspectus

202 1081 534 1151 Thrasyleon
572 1086 755 1135 noster
794 1084 998 1152 impetu
1029 1083 1227 1136 minaci
1258 1084 1565 1153 frequenter
1595 1084 1886 1138 inhibebat.

200 1175 537 1225 consonaque
585 1157 785 1210 ciuium
831 1176 962 1210 uoce
1009 1158 1139 1210 satis
1185 1158 1317 1211 felix
1364 1177 1423 1211 ac
1470 1159 1657 1212 beatus
1694 1159 1887 1213 Demo-

155 1269 160 1273 ·
199 1230 386 1283 chares
425 1231 516 1283 ille
555 1250 711 1300 saepe
751 1231 1064 1301 celebratur,
1104 1233 1247 1301 quod
1284 1236 1408 1301 post
1445 1235 1650 1285 tantam
1686 1233 1916 1289 cladem:

197 1305 433 1357 ferarum
471 1324 612 1358 nouo
651 1309 918 1374 prouentu
959 1324 1174 1375 quoquo
1213 1307 1371 1359 modo
1403 1307 1649 1360 fortunae
1678 1307 1887 1361 resiste·

199 1383 294 1431 ret.
342 1379 492 1431 iubet
522 1375 950 1433 noualibus‘ssuis
982 1380 1264 1434 confestim
1295 1381 1523 1434 bestiam
1562 1381 1888 1451 inmitterent,

199 1453 348 1506 iubet
372 1472 582 1506 summa
605 1473 726 1506 cum
752 1454 1031 1524 diligentia
1053 1455 1336 1524 deportari,
1361 1455 1454 1508 sed
1469 1455 1763 1532 suscipiens
1787 1473 1886 1526 ego

307 1526 479 1579 XVII.
522 1527 763 1581 ‘Caueas'
803 1530 1021 1598 inquam
1062 1529 1293 1582 edomine
1302 1571 1315 1598 ‚
1354 1530 1639 1599 flagrantia
1671 1530 1802 1583 solis
1833 1533 1887 1582 et

198 1601 405 1653 itineris
446 1603 619 1670 spatio
660 1603 960 1672 fatigatam³
982 1604 1159 1656 coetui
1197 1597 1497 1655 multaruns
1535 1607 1589 1656 et
1626 1606 1687 1656 ut
1725 1603 1916 1658 audio:

196 1693 305 1727 non
344 1678 486 1727 recte
525 1676 822 1728 ualentium
862 1678 1195 1747 committere
1211 1675 1479 1730 '‘ferarum.
1543 1677 1673 1747 quin
1703 1677 1885 1746 potius

198 1748 389 1801 domus
438 1753 560 1802 tuae
606 1750 851 1818 patulum
903 1770 962 1803 ac
1000 1739 1353 1820 perflabilem!
1376 1752 1575 1820 locum,
1628 1751 1792 1804 immo
1831 1755 1886 1804 et

196 1822 317 1875 lacu
369 1822 548 1892 aliquo
596 1824 986 1876 conterminum
1037 1825 1884 1912 refrigerantemgueAprospicis‘?

199 1915 265 1949 an
304 1898 519 1967 ignoras
557 1897 660 1950 hoc
699 1915 866 1967 genus
899 1899 1100 1951 bestiae
1137 1899 1286 1951 lucos
1327 1903 1562 1951 consltos
1601 1902 1655 1951 et
1693 1917 1883 1967 specus

195 1971 403 2024 roridos
444 1975 497 2024 et
534 1971 710 2024 fontes
750 1990 1000 2024 amoenos
1041 1991 1249 2040 semper
1287 1972 1596 2024 incubare‘?'
1905 1995 1916 2027 ε

308 2045 528 2098 Talibus
551 2046 773 2098 monitis
789 2046 1147 2099 Demochares
1163 2046 1478 2114 perterritus
1495 2065 1882 2115 numerumque

316 2254 341 2292 2
382 2249 662 2307 adfingimus
702 2252 815 2295 Oud.
873 2250 1118 2308 adfigimus
1154 2250 1189 2293 F
1244 2249 1476 2307 affigimus
1519 2252 1594 2306 φδ
1713 2255 1739 2293 3
1779 2264 1880 2293 mu-

195 2308 319 2352 neris
351 2309 387 2351 F
430 2322 621 2353 munere
654 2320 692 2364 φ
786 2315 811 2353 6
850 2310 1098 2354 deferimus
1131 2311 1160 2353 ὃ
1249 2314 1275 2353 8
1308 2309 1520 2366 protinus
1552 2308 1687 2353 nobis
1716 2309 1882 2365 scripsi
1911 2322 1916 2326 ·

196 2367 333 2411 nobis
365 2367 577 2424 protinus
608 2371 708 2413 cdd.
810 2373 849 2413 8.
869 2374 894 2412 9
927 2371 981 2412 ut
1009 2368 1110 2425 ipse
1143 2368 1302 2412 aiebat
1334 2368 1459 2412 Golu.
1499 2381 1664 2412 aureos
1695 2369 1749 2411 ut
1778 2367 1879 2424 ipse

198 2426 408 2470 habebat
438 2427 522 2480 Fq>
566 2429 633 2483 (in
663 2428 698 2470 F
730 2430 870 2473 uerba
900 2443 943 2473 u.
975 2427 1005 2472 i.
1039 2428 1083 2471 h.
1115 2428 1306 2472 inducta
1334 2430 1458 2483 sunt)
1490 2428 1753 2483 transposui
1775 2432 1881 2483 post

196 2515 271 2558 sui
301 2516 358 2571 cf.
391 2515 542 2571 Luctj.
570 2530 617 2572 p.
644 2520 731 2559 464
763 2516 886 2560 Adn.
941 2518 994 2559 ut
1025 2515 1126 2572 ipse
1161 2490 1282 2559 hebi
1309 2517 1337 2559 ὃ
1376 2530 1456 2560 om.
1490 2515 1542 2559 E.
1666 2519 1720 2558 15
1759 2513 1878 2559 cele-

196 2574 361 2618 bratur
405 2576 570 2630 scripsi
615 2576 670 2629 cf.
715 2579 812 2619 189.
840 2581 865 2618 9
920 2574 1181 2619 celebratus
1225 2577 1324 2620 cdd.
1487 2579 1540 2618 17
1587 2572 1878 2618 inmitterent

194 2634 359 2690 scripsi
404 2634 460 2688 cf.
487 2638 557 2677 66.
576 2638 601 2676 5
634 2633 732 2678 ire*
756 2634 791 2676 F
822 2634 913 2678 iret
937 2633 997 2690 φ’
1018 2639 1060 2678 et
1081 2649 1166 2692 my.
1187 2651 1242 2689 <303
1277 2634 1366 2677 ar&
1399 2634 1461 2688 φ1
1553 2637 1608 2677 18
1641 2630 1877 2689 deportari

192 2693 357 2748 scripsi
380 2692 438 2736 R.
457 2693 499 2737 d.
518 2693 603 2736 Ph.
624 2697 750 2737 1885.
787 2698 871 2736 100
902 2694 957 2748 cf.
978 2697 1090 2737 83.1
1117 2699 1158 2737 et
1190 2698 1355 2748 83.19;
1388 2694 1442 2737 de
1465 2693 1731 2747 confusione
1759 2692 1882 2738 inter,

194 2766 217 2793 r
241 2758 282 2795 et
307 2751 337 2794 d
368 2753 423 2806 cf.
444 2756 511 2795 64.
532 2757 578 2806 93
620 2756 689 2795 78.
709 2757 764 2795 22
795 2751 1026 2808 reportari
1056 2751 1138 2807 Fq>
1199 2751 1331 2796 iubet
1361 2750 1611 2795 noualibus
1643 2749 1738 2793 suis
1769 2763 1882 2800 con<

196 2809 355 2854 festim
378 2809 580 2854 bestiam
603 2824 783 2854 summa
807 2825 912 2854 cum
937 2810 1185 2867 diligentia
1216 2810 1446 2867 reportari
1469 2809 1622 2865 Luetj.
1707 2813 1761 2852 19
1793 2807 1876 2852 fla-

194 2869 385 2924 grantia
417 2880 454 2923 φ
487 2871 580 2925 (sed
609 2869 625 2911 l
650 2884 705 2913 esc
728 2885 750 2911 r
781 2872 911 2927 corr.)
942 2869 1198 2926 fraglantia
1229 2869 1264 2911 F
1385 2868 1497 2913 solis
1530 2883 1612 2913 om.
1645 2878 1683 2922 φ
