1916 3132
104 84 136 136 6
808 90 1107 138 ΠΡΩΤΟΝ

103 227 219 277 τῶν
257 222 491 293 ἀληθῶν
525 228 757 293 γνῶσιν.
822 223 1199 294 ἀναλαβόντες
1225 219 1332 280 οὖν
1358 228 1592 290 ἑαυτοὺς
1629 247 1799 282 κατα·
1861 239 1874 248 “

103 310 305 362 θέουσι
343 308 434 362 καὶ
471 308 576 379 τὴν
614 310 792 379 κόρην
832 314 910 364 ἔτι
949 310 1087 379 πρὸς
1124 321 1241 373 τοῖς
1277 312 1591 381 τραύμασιν
1618 309 1798 366 οὖσαν

103 401 206 452 τοῦ
234 398 464 449 νεανίου
491 387 1019 463 καταλαμβάνουσιῖ
1063 396 1153 448 καὶ
1195 397 1518 460 ἐπιστάντες
1555 397 1798 451 ὄπισθεν

105 479 258 551 εἶχον
284 481 537 547 ἑαυτούς,
571 479 701 533 οὔτε
722 499 774 532 τι
801 481 984 547 λέγειν
1011 474 1143 532 οὔτε
1169 499 1219 532 τι
1250 479 1512 549 πράττειν
1539 480 1797 548 ἀποθαρ-

105 569 351 634 ροῦντες.
416 565 636 618 κτύπου
675 565 737 616 δὲ
773 565 1228 634 περιηχήσαντος,
1270 565 1363 617 καὶ
1401 569 1498 634 τῆς
1525 565 1577 629 ἐξ
1605 563 1796 619 αὐτῶν

104 654 262 713 σκιᾶς
287 658 402 711 τοῖς
429 647 748 718 ὀφθαλμοῖς
776 651 1268 718 παρεμπεσούσης,
1297 637 1662 718 ἀνένευσενιὴ
1695 652 1797 702 κό-

104 755 191 804 ρη,
218 736 311 788 καὶ
339 735 538 786 ἰδοῦσα
566 725 733 796 αὖθις
760 734 1053 802 ἐπένευσε,
1093 732 1232 802 πρὸς
1264 733 1367 801 μὲν
1404 733 1466 786 τὸ
1502 732 1677 802 ἄηθες
1701 736 1798 802 τῆς

101 808 410 889 χροιᾶςῦκαὶ
439 813 501 870 τὸ
528 818 834 887 λῃστρικὸν
858 820 957 887 τῆς
983 816 1163 881 ὅψεως
1191 818 1254 870 ἐν
1283 816 1474 881 ὅπλοις
1500 819 1797 888 δεικνυμέ-

101 925 201 973 νης
227 901 361 956 οὐδὲ
388 899 528 955 κατὰ
565 903 770 970 μικρὸν
808 903 1178 970 ἐκπλαγεῖσα,
1220 903 1361 972 πρὸς
1398 903 1459 956 δὲ
1485 904 1592 971 τὴν
1619 909 1795 968 θερα-

101 991 266 1042 πείαν
291 990 392 1040 τοῦ
430 987 692 1053 κειμένου
721 990 907 1039 πᾶσαν
934 985 1139 1055 ἑαυτὴν
1164 988 1430 1054 τρέψασα.
1451 973 1658 1050 [οὕτως
1684 986 1794 1056 ἄρα

18 1080 27 1092 ”
102 1074 281 1134 πόθος
333 1070 571 1142 ἀκριβὴς
620 1069 714 1123 καὶ
754 1074 893 1139 ἔρως
931 1069 1403 1139 ἀκραιφνηςπῶν
1440 1071 1544 1138 μὲν
1582 1072 1795 1135 ἔξωθεν

101 1157 572 1226 προσπιπτόντων
612 1154 891 1224 ἀλγεινῶν
927 1176 986 1208 τε
1026 1155 1118 1207 καὶ
1155 1154 1339 1224 ἡδέων
1365 1155 1592 1207 πάντων
1617 1151 1794 1224 ὑπερ-

103 1251 333 1310 φρονεῖ,
374 1239 513 1308 πρὸς
549 1241 610 1293 ἓν
647 1241 708 1293 δὲ
745 1238 808 1293 τὸ
845 1239 1194 1309 φιλούμενον
1232 1240 1322 1292 καὶ
1362 1236 1502 1308 ὁρᾶν
1541 1241 1633 1292 καὶ
1661 1253 1795 1293 συν-

102 1328 291 1380 νεύειν
328 1323 390 1378 τό
429 1322 692 1394 φρόνημα
730 1319 1187 1392 καταναγκάζει.)

209 1409 282 1474 ῶς
333 1411 394 1463 δὲ
442 1412 893 1479 παραμείψαντες
951 1409 1011 1462 οἱ
1053 1406 1249 1478 λῃσταὶ
1300 1405 1439 1461 κατὰ
1488 1407 1793 1478 πρόσωπον

103 1500 345 1566 ἔστησαν
383 1496 482 1547 καί
513 1514 566 1547 τι
605 1495 696 1547 καὶ
734 1495 958 1563 μέλλειν
987 1493 1288 1562 ἐπιχειρεῖν
1317 1493 1586 1565 ἐῴκεσαν,
1626 1485 1795 1555 αὖθις

101 1579 133 1648 ἡ
164 1589 293 1642 παῖς
319 1577 605 1645 ἀνένευσε,
629 1577 722 1630 καὶ
740 1580 983 1646 μέλανας
1010 1579 1211 1630 ἰδοῦσα
1235 1580 1338 1648 τὴν
1358 1574 1557 1646 χροιάν
1578 1574 1670 1629 καὶ
1689 1574 1795 1645 τήν

104 1663 240 1729 ὄψιν
267 1661 613 1731 αύχμηρούς,
646 1664 697 1714 εἰ
727 1662 831 1730 μὲν
853 1664 1056 1714 εἴδωλα
1081 1666 1195 1714 τῶν
1222 1665 1494 1730 κειμένων
1519 1661 1659 1728 ἐστέ,
1684 1680 1792 1729 φη-

103 1751 216 1817 σίν,
257 1746 362 1800 οὐκ
391 1746 453 1799 ἐν
492 1747 619 1816 δίκῃ
658 1748 1050 1814 παρενοχλεϊτε
1086 1742 1244 1813 ἡμῖν·
1286 1746 1345 1796 οἰ
1371 1746 1476 1813 μὲν
1500 1744 1607 1812 γὰρ
1636 1746 1793 1796 πλεῖ-

104 1847 224 1886 στοι
251 1832 406 1901 χερσὶ
431 1839 553 1892 ταῖς
578 1829 841 1899 ἀλλήλων
868 1827 1179 1899 ἀνῄρησθε,
1209 1828 1330 1882 ὅσοι
1357 1829 1418 1882 δὲ
1445 1831 1585 1896 πρὸς
1610 1825 1787 1897 ἡμῶν,

105 1916 322 1986 ἀμύνης
347 1915 500 1985 νόμῳ
535 1916 628 1966 καὶ
666 1914 908 1976 ἐκδικίας
932 1917 1031 1982 τῆς
1066 1908 1142 1975 εἰς
1169 1912 1548 1982 σωφροσύνην
1575 1911 1794 1982 ὕβρεως

105 2001 442 2054 πεπόνθατε.
485 2000 537 2052 εἰ
561 1999 626 2051 δέ
647 2018 794 2060 τινες
818 2002 932 2050 τῶν
953 2000 1176 2062 ζεόντων
1205 1996 1345 2066 ἐστέ,
1374 1995 1670 2067 λῃστρικὸς
1689 1997 1792 2063 μὲν

105 2084 256 2154 ὑμῖν,
297 2080 369 2146 ῶς
396 2084 598 2151 ἔοικεν,
639 2081 667 2134 ὁ
705 2085 852 2150 βίος,
894 2084 969 2143 εἰς
1007 2079 1205 2149 καιρὸν
1244 2081 1305 2134 δὲ
1340 2080 1512 2149 ἥκετε.
1588 2080 1793 2133 λύσατε

105 2173 219 2222 τῶν
267 2166 716 2235 περιεστηκότων
764 2163 1068 2234 ἀλγεινῶν,
1119 2166 1275 2236 φόνῳ
1323 2169 1400 2236 τῷ
1450 2163 1583 2217 καθ’
1636 2163 1792 2234 ἡμῶν

105 2255 292 2323 δρᾶμα
317 2253 380 2307 τὸ
410 2252 536 2320 περὶ
561 2247 703 2319 ἡμᾶς
731 2252 1221 2318 καταστρέψαντες.
1270 2248 1306 2318 ἢ
1330 2250 1432 2317 μὲν
1457 2254 1630 2301 ταῦτα
1659 2249 1784 2302 ἐπε-

103 2337 379 2407 τραγῴδει
394 2377 409 2404 ,
447 2338 504 2388 οἳ
525 2335 586 2388 δὲ
614 2332 783 2387 οὐδὲν
810 2335 1062 2387 συνιέναι
1090 2339 1204 2387 τῶν
1230 2334 1550 2402 λεγομένων
1576 2335 1794 2400 ἔχοντες

103 2421 236 2485 τούς
271 2421 376 2491 μὲν
411 2418 589 2472 αὐτοῦ
616 2421 1081 2487 καταλείπουσιν,
1125 2419 1362 2487 ἰσχυρὰν
1389 2416 1580 2478 αὐτοῖς
1607 2418 1791 2485 φυλα-

106 2504 212 2575 κὴν
231 2505 334 2574 τὴν
355 2503 658 2556 ἀσθένειαν
679 2501 865 2555 αὐτῶν
887 2502 1301 2571 ἐπιστήσαντες,
1333 2503 1423 2556 ἐπὶ
1444 2499 1625 2569 δὲτὴν
1647 2501 1793 2552 ναῦν

107 2587 451 2659 ὁρμήσαντες
497 2589 596 2641 τὸν
644 2587 856 2655 φόρτον
904 2587 1237 2656 ἐξήντλουν,
1288 2590 1402 2639 τῶν
1451 2585 1553 2654 μὲν
1603 2582 1793 2636 ἄλλων

105 2674 494 2743 ὑπερορῶντες
520 2669 723 2740 (πολλοὶ
753 2671 812 2723 δὲ
845 2665 919 2739 ἦν
946 2671 1038 2723 καὶ
1064 2674 1351 2740 ποικίλα),
1367 2670 1583 2738 χρυσοῦ
1609 2668 1668 2719 δὲ
1697 2669 1788 2719 καὶ

106 2758 360 2827 ἀργύρου
411 2758 504 2809 καὶ
543 2760 724 2809 λίθων
770 2758 1094 2824 πολυτίμων
1132 2757 1224 2807 καὶ
1264 2758 1497 2824 σηρικῆς
1535 2753 1790 2818 ἐσθῆτος,

105 2840 211 2910 ὅση
251 2840 487 2910 δύναμις
525 2839 792 2907 ἑκάστοις,
825 2840 1214 2909 ἐκφοροῦντες.
1268 2839 1386 2892 ἐπεὶ
1414 2838 1474 2890 δὲ
1502 2835 1621 2898 ἅλις
1647 2838 1792 2903 ἔχειν

1828 1009 1864 1042 10

1825 1428 1863 1462 15

1819 2267 1861 2299 25

1818 2685 1916 2718 30.”
