1916 3132
191 84 263 137 90
891 85 1054 130 LIBRI
1083 85 1170 130 1111

180 206 430 259 ciuitates
485 210 539 259 et
587 207 823 277 attiguas
870 207 1115 276 regiones
1161 207 1304 260 fama
1348 211 1659 277 peruaserat
1703 208 1872 279 deam,

182 298 343 349 quam
382 281 654 333 caerulum
693 282 1019 350 profundum
1058 281 1235 352 pelagi
1273 282 1482 351 peperit
1523 286 1578 336 et
1621 301 1710 336 ros
1747 278 1870 353 spii-

181 355 444 407 mantium
483 355 748 408 fluctuum
787 355 1055 425 educauit,
1101 356 1208 408 iam
1254 356 1491 409 numinis
1537 356 1628 409 sui
1670 357 1870 426 passim

182 428 389 481 tributa
423 428 583 481 uenia>
619 429 675 481 in
714 430 904 483 mediis
936 430 1240 497 conuersari
1271 431 1459 499 populi
1491 431 1746 500 coetibuS,
1783 431 1871 484 uel

182 506 322 555 certe
369 521 582 556 rursum
628 522 770 556 nouo
818 492 1125 557 caelestium
1172 504 1440 557 stillarum
1488 505 1726 575 germine
1762 523 1870 558 non

183 577 353 629 maria
398 577 492 630 sed
541 581 711 630 terras
722 637 729 650 Ἀ
752 577 1015 631 Venerem
1063 578 1222 631 aliam
1262 579 1516 648 uirginali
1553 579 1685 632 flore
1722 598 1870 648 prae-

183 651 351 703 ditam
384 648 721 720 ‘pullulasse-s
793 651 1073 705 XXVIIII.
1135 653 1212 705 sic
1265 653 1584 706 immensum
1634 653 1874 722 procedit

182 725 238 777 in
294 725 407 777 dies
461 726 667 796 opinio,
720 726 797 779 sic
842 727 1044 780 insulas
1091 727 1198 779 iam
1250 746 1540 796 proxumas
1594 731 1649 780 et
1700 730 1872 780 terrae

181 796 937 870 plusculumLprouinciasque
982 801 1239 870 plurimas
1286 801 1429 853 fama
1477 804 1722 870 porrecta
1758 820 1871 870 per-

181 877 421 943 uagatur.
484 874 591 927 iam
629 875 789 927 multi
827 875 1135 927 mortalium
1174 875 1350 945 longis
1389 875 1672 928 itineribus
1711 878 1871 944 atque
1896 898 1914 928 1

181 948 458 1001 altissimis
490 949 652 1001 maris
676 950 941 1002 meatibus
966 950 1032 1001 ad
1057 949 1254 1001 saeculi
1285 949 1554 1018 specimen
1577 949 1872 1019 gloriosum

181 1022 533 1075 confluebant.
611 1022 835 1091 Paphon
873 1042 1029 1075 nemo
1038 1065 1052 1091 ,
1105 1021 1310 1075 Cnidon
1348 1041 1505 1076 nemo
1553 1041 1614 1076 ac
1650 1041 1716 1076 ne
1754 1023 1872 1092 ipsa

183 1096 396 1164 quidem
438 1095 670 1165 Cythera
720 1097 786 1149 ad
833 1100 1177 1166 conspectum
1225 1097 1351 1150 deae
1390 1096 1616 1150 Veneris
1655 1097 1871 1167 nauiga-

180 1170 326 1222 bant.
405 1189 553 1223 sacra
599 1171 732 1223 diae*
762 1174 1193 1240 praetereuntur,
1247 1171 1446 1240 templa
1492 1171 1872 1240 deformantur,

181 1244 484 1312 puluinaria
541 1249 890 1315 spernuntur,
947 1246 1298 1299 caerimoniae
1351 1245 1732 1316 negleguntur,
1792 1245 1868 1298 in-
1893 1267 1916 1298 ι,

181 1322 434 1371 coronata
473 1319 759 1371 simulacra
804 1323 858 1372 et
896 1339 1016 1372 arae
1066 1320 1260 1372 uiduae
1304 1320 1502 1390 frigido
1549 1320 1726 1372 cinere
1762 1318 1869 1372 foe-

182 1392 348 1445 datae.
410 1393 619 1462 puellae
651 1393 986 1462 supplicatur
1017 1398 1072 1446 et
1101 1394 1158 1446 in
1188 1393 1438 1446 humanis
1469 1393 1710 1446 uultibus
1743 1392 1869 1446 deae

180 1470 360 1519 tantae
413 1468 635 1520 numina
684 1467 986 1537 placantur,
1047 1471 1101 1521 et
1155 1469 1211 1520 in
1264 1467 1529 1521 matutino
1582 1484 1868 1537 progressu

179 1540 407 1610 uirginis
464 1542 702 1594 uictimis
765 1546 819 1594 et
873 1542 1044 1611 epulis
1096 1541 1320 1595 Veneris
1382 1541 1618 1594 absentis
1675 1559 1869 1594 nomen

180 1614 517 1683 propitiatur,
570 1634 789 1684 eamque
843 1635 939 1685 per
983 1616 1189 1685 plateas
1244 1619 1629 1669 commeantem
1681 1614 1868 1684 populi
1891 1637 1916 1668 ει

179 1688 486 1757 frequenter
523 1690 746 1741 floribus
787 1691 944 1742 sertis
983 1694 1036 1743 et
1076 1690 1268 1743 solutis
1307 1691 1671 1759 adprecantur.

292 1761 440 1815 Haec
477 1762 743 1815 honorum
783 1764 1091 1816 caelestium
1135 1764 1202 1816 ad
1239 1764 1447 1833 puellae
1485 1762 1728 1816 mortalis
1761 1762 1867 1816 cul·

180 1840 297 1888 tum
336 1836 602 1889 inmodica
640 1837 920 1889 translatio
959 1856 1116 1890 uerae
1149 1837 1374 1902 Veneris
1411 1838 1755 1890 uehementer
1791 1836 1867 1888 in-

181 1910 360 1963 cendit
405 1911 611 1963 animos
654 1914 707 1963 et
753 1911 1019 1979 inpatiens
1064 1911 1449 1980 indignationis
1497 1911 1668 1979 capite
1715 1928 1866 1978 quas-

182 1985 323 2036 santi
346 1984 576 2037 fremens
602 1985 764 2037 altius
788 1986 865 2038 sic
889 2003 1067 2038 secum
1093 1985 1306 2037 disserit
1330 1985 1415 2036 ‘en
1437 2003 1616 2037 rerum
1647 1986 1867 2036 naturae
1889 2005 1916 2037 22*

180 2059 355 2125 prisca
392 2077 610 2127 parenS,
649 2056 865 2130 (XXX.)
906 2078 970 2111 en
1010 2059 1392 2111 elementorum
1436 2058 1587 2127 origo
1626 2057 1866 2125 initialis,

180 2151 246 2183 en
285 2132 430 2184 orbis
469 2133 638 2185 totius
677 2133 958 2201 (domina)
995 2133 1135 2184 alma
1157 2131 1356 2201 VenuS,
1395 2150 1530 2200 quae
1568 2150 1690 2184 cum
1727 2149 1864 2183 mor·

180 2205 277 2257 tali
308 2206 486 2274 puella
516 2195 1100 2275 partiari03maiestatis
1130 2206 1332 2258 honore
1363 2209 1564 2258 tractor
1595 2209 1649 2258 et
1670 2222 1865 2258 nomen

182 2279 254 2348 [p.
284 2279 366 2331 75.
391 2278 478 2348 Ε.]
511 2299 689 2332 meum
723 2281 867 2333 caelo
902 2281 1172 2333 conditum
1211 2280 1436 2332 terrenis
1468 2279 1715 2332 sordibus
1745 2296 1864 2347 pro-

299 2504 325 2542 5
366 2498 609 2543 stellarum
649 2501 747 2543 cdd.
873 2506 896 2542 7
938 2479 1100 2542 imffisS
1138 2498 1196 2540 F1
1251 2497 1301 2541 in
1338 2479 1457 2542 iffin}
1495 2497 1603 2553 paq,
1725 2501 1751 2540 8
1782 2509 1865 2553 per

182 2557 380 2602 extimas
421 2558 598 2612 Rohde,
642 2560 720 2602 sed
765 2560 821 2614 cf.
862 2559 964 2603 Tac.
997 2559 1121 2602 Ann.
1155 2556 1254 2600 XII.
1281 2561 1335 2601 36
1487 2562 1512 2599 9
1554 2554 1720 2657 (iate)
1759 2567 1865 2612 por-

180 2619 312 2674 recta
350 2617 572 2674 Weyman
664 2622 718 2660 14
749 2619 1104 2674 praetereuntur
1135 2616 1267 2660 Hild.
1305 2615 1552 2672 pferuntur
1658 2615 1864 2671 praeter-

180 2677 397 2720 meantur
435 2676 602 2734 Weym.
756 2676 1018 2720 deformant
1055 2676 1136 2731 Fep
1290 2679 1343 2717 15
1384 2675 1664 2731 spernuntur
1703 2673 1866 2729 scripsi

179 2738 377 2822 1116111111-
418 2765 517 2808 cdd.
572 2766 871 2819 perteruntur
911 2764 963 2807 Ε.
1115 2767 1170 2806 19
1212 2774 1382 2805 nomen
1422 2761 1504 2817 Εφ
1519 2763 1547 2805 δ
1598 2773 1769 2804 1111111611
1808 2759 1862 2804 Ε.

182 2828 238 2867 20
278 2836 474 2878 eamque
511 2824 675 2878 scripsi
729 2823 915 2878 iamque
955 2823 1053 2868 cdd.¹
1197 2825 1251 2864 27
1293 2819 1554 2880 (domina)
1590 2820 1765 2864 inserui
1803 2819 1861 2874 cf.

182 2886 280 2925 ⁶209.
301 2887 355 2925 21
479 2882 618 2940 [quae
625 2883 640 2939 J
663 2882 791 2928 Oua.
824 2882 876 2932 Ε.
908 2883 986 2926 sed
1014 2883 1072 2936 ef.
1101 2885 1198 2923 102.
1218 2884 1294 2935 253
1331 2883 1426 2923 109.
1448 2884 1524 2934 253
1557 2883 1731 2922 207.26

1398 3104 1447 3132 l·
