1916 3132
0 0 160 79 {db-l?
177 0 253 45 ἐμ·
286 23 331 32 -

179 86 280 138 146
844 91 1210 139 ΠΕΜΠΤΟΝ

180 225 274 279 καὶ
300 223 740 295 ἀπαραλλάκτως
762 227 1018 295 μεταθέει
1039 226 1140 280 τὸν
1158 225 1432 298 ἡμέτερον
1453 233 1656 298 πλοῦν,
1678 229 1869 303 ωσπερ

177 313 275 378 τῆς
314 308 485 379 αὐτῆς
523 309 699 379 ὁρμῆς
738 311 1139 381 ἐξηρτημένον·
1201 313 1502 382 ἐφώρασά
1502 303 1564 368 ’τε
1601 316 1871 379 πολλάκις

167 395 796 463 συμπαραφερόμενον,
851 396 988 475 ἐμόν
1035 395 1138 466 τὴν
1175 401 1322 450 ναῦν
1363 386 1879 468 ἐξεπίτηδεςίέστιν

127 513 131 516 »
176 478 291 562 ὅτε),
303 483 402 533 τοῦ
444 478 640 542 εὐθέος
677 483 1148 551 παρατρέποντος

89 564 160 617 24
255 563 502 617 τούτων
529 566 585 616 οἳ
604 584 708 632 μεν
736 564 1058 633 ἐδήχθησαν
1086 568 1410 636 εἰρημένων,
1440 569 1531 620 καὶ
1558 566 1698 637 πρὸς
1722 568 1868 638 ἄμυ-
1897 589 1916 622 ε

175 669 284 700 ναν
324 646 745 717 εὐτρεπίζεσθαι
796 649 1117 720 παρῄνουν·
1171 653 1239 702 οἳ
1266 651 1334 704 δὲ
1374 649 1658 720 ὀλιγώρως
1697 649 1865 722 εἶχον,

176 735 306 796 ἔθος
345 729 488 785 εἶναι
528 733 840 802 φάσκοντες
881 735 943 787 ἐν
982 743 1096 796 τοῖς
1134 735 1438 802 πελάγεσιν
1475 737 1711 789 ἕπεσθαι
1748 745 1868 800 ταῖς

174 815 508 886 ὑπερόγκοις
539 818 707 870 ναυσὶ
737 815 834 880 τοὶς
859 819 1232 887 βραχυτέρας,
1263 819 1452 888 ὥσπερ
1473 817 1582 872 ὑπὸ
1608 823 1868 883 πλείονος

177 901 464 970 ἐμπειρίας
491 898 908 971 ὁδηγουμέναις.
952 906 1031 955 ε”τι
1051 905 1268 956 τούτων
1292 901 1382 956 ἐπὶ
1404 905 1619 972 θάτερα
1645 908 1865 974 γυμνα-

173 977 454 1054 ζομένωνξ
500 979 573 1055 ἦν
619 987 723 1053 μὲν
772 985 881 1055 ἤδη
921 992 1015 1055 τῆς
1063 986 1271 1056 ἡμέρας
1310 986 1401 1039 ὅτε
1439 986 1683 1057 ἀρότρου
1719 991 1864 1057 βοῦν
1894 1009 1916 1043 11

174 1070 476 1137 ἐλευθεροῖ
490 1071 735 1139 γηπόνος
750 1111 763 1138 ,
793 1069 822 1122 ὁ
842 1071 900 1124 δὲ
924 1070 1131 1139 ἄνεμος
1152 1074 1247 1139 τῆς
1269 1069 1411 1139 ἄγαν
1433 1076 1613 1140 φορᾶς
1634 1060 1885 1141 ὤκλαζεξ·

173 1153 266 1207 καὶ
293 1152 414 1206 κατ’
453 1152 645 1222 ὀλίγον
676 1154 933 1216 ἐνδιδοὺς
968 1154 1250 1222 ἄπρακτος
1274 1175 1333 1208 τε
1360 1157 1451 1210 καὶ
1481 1157 1732 1224 μαλακὸς
1750 1166 1866 1221 τοῖς

175 1240 370 1301 ἱστίοις
411 1239 697 1306 ἐνέπιπτε,
750 1239 841 1291 καὶ
890 1242 1079 1307 σοβῶν
1117 1240 1333 1307 μᾶλλον
1371 1236 1404 1309 ἢ
1443 1245 1725 1309 προωθοῖν
1761 1237 1864 1309 τὴν

174 1317 580 1397 ὀθόνηνζτέλος
607 1323 699 1375 καὶ
740 1325 816 1384 εἰς
843 1324 1095 1392 γαλήνην
1135 1323 1460 1394 ἐξενικήθη,
1502 1325 1760 1395 καθάπερ
1785 1330 1861 1396 τῷ

168 1406 308 1478 ἡλίῳ
368 1406 919 1476 συγκαταδυόμενος,
979 1406 1014 1477 ἢ
1062 1406 1444 1477 ἀληθέστερον
1495 1411 1698 1477 εἰπεῖν,
1748 1419 1862 1473 τοῖς
1893 1427 1916 1460 1,

172 1491 571 1545 ἐπιδιώκουσιν
600 1489 1066 1561 ὑπηρετούμενος.
1120 1494 1181 1546 οἰ
1198 1491 1305 1560 γάρ
1335 1492 1476 1546 κατά
1503 1495 1607 1562 τὴν
1634 1491 1860 1563 ἄκατον,

170 1577 272 1638 ἕως
298 1577 399 1643 μὲν
427 1573 559 1643 ἡμῖν
586 1573 614 1629 ὁ
645 1580 821 1639 πλοῦς
846 1574 1129 1644 ὑπήνεμος
1154 1576 1378 1646 η’νύετο,
1419 1581 1615 1648 μακρῷ
1639 1581 1736 1647 τῆς
1760 1574 1861 1638 ὁλ-ι

118 1695 126 1701 -
170 1660 366 1727 κάδος,
408 1657 482 1723 ὣς
520 1659 581 1712 τὸ
622 1661 793 1726 εἰκός,
835 1658 1232 1729 ἀπελείποντο,
1272 1666 1479 1729 μείζοσι
1517 1672 1631 1725 τοῖς
1670 1663 1863 1725 ἱστίοις

169 1745 340 1797 πλέον
376 1743 439 1797 τὸ
478 1748 699 1813 πνεῦμα
740 1745 1060 1813 δεχομένης·
1104 1744 1293 1814 ἐπειδή
1336 1747 1397 1798 δὲ
1435 1745 1538 1815 τὴν
1563 1747 1861 1800 θάλασσαν
1904 1754 1911 1760 ’

170 1829 466 1898 ἐστόρεσεν
492 1826 524 1896 ἡ
563 1829 776 1896 γαλήνη
816 1830 910 1881 καὶ
947 1828 1044 1890 τάς
1070 1827 1318 1898 κῶπαςὴ
1355 1833 1511 1929 χρεία
1537 1830 1857 1899 παρεκάλει,
1889 1849 1916 1881 2⁴

169 1917 383 1966 θάττον
409 1909 545 1981 ἡμῖν
571 1910 607 1981 ἡ
635 1910 776 1964 ω’στε
806 1914 982 1965 ειπεϊν
1011 1914 1340 1982 ἐπέστησαν,
1370 1912 1467 1966 ἅτε
1495 1910 1647 1981 οἶμαι
1682 1913 1860 1984 πρόσ-

168 2001 354 2051 κωποί
373 2017 431 2050 τε
457 1997 661 2058 πάντες
683 1998 741 2050 οἰ
761 1996 1120 2065 ἐμπλέοντες,
1150 1997 1241 2050 καὶ
1269 2000 1490 2065 κοῦφον
1517 1995 1748 2088 ἀκάτιον
1766 1999 1859 2051 και

167 2081 307 2150 πρὸς
343 2084 590 2150 εἰρεσίαν
627 2079 1057 2150 εὐπειθέστερον
1097 2082 1445 2149 ἐλαύνοντες.

81 2169 151 2221 25
281 2163 381 2236 ἤδη
419 2166 480 2219 δε
517 2165 932 2234 πλησιαζόντων
960 2164 1237 2234 ἀνέκραγέ
1259 2186 1339 2227 τις
1366 2185 1479 2218 των
1507 2168 1859 2235 συνεμβεβη-

166 2251 350 2304 κότων
388 2248 497 2303 ἀπὸ
523 2253 618 2318 τῆς
642 2252 1000 2316 Ζακυνθίων,
1030 2254 1195 2303 τοῦτο
1221 2244 1422 2317 ἐκεῖνο,
1451 2249 1657 2317 ἄνδρες
1667 2289 1683 2316 ,
1712 2248 1854 2303 ἀπο-
1885 2268 1916 2302 2ε

166 2334 450 2402 λω’λαμεν·
492 2331 810 2401 πειρατικὸς
845 2331 873 2385 ὁ
911 2335 1129 2397 στόλος·
1181 2339 1229 2387 Τ
1225 2338 1458 2406 ραχίνου
1480 2337 1728 2403 γνωρίζω
1755 2331 1857 2403 τήν

168 2417 389 2472 ἄκατον.
442 2419 669 2486 ἐσείσθη
698 2419 837 2487 πρὸς
863 2417 965 2487 τὴν
994 2418 1259 2486 ἀγγελίαν
1285 2417 1317 2486 ἡ
1349 2416 1543 2486 ὁλκάς,
1581 2420 1644 2470 ἔν
1669 2436 1729 2470 τε
1752 2437 1855 2486 γα·-

166 2504 308 2572 λήνῃ
335 2503 625 2564 κλύδωνος
654 2503 1034 2571 ἐμπέπληστο,
1072 2503 1344 2571 θορύβοις
1373 2500 1707 2570 ὀλολυγμοῖς
1729 2502 1853 2554 δια-

170 2589 403 2661 δρομαῖς
440 2589 857 2656 καταιγιζομένη
873 2628 887 2655 ,
927 2607 1040 2640 των
1066 2587 1170 2654 μὲν
1209 2588 1284 2648 εἰς
1309 2584 1378 2638 τά
1405 2590 1568 2639 κοιλα
1593 2589 1689 2655 τῆς
1714 2605 1854 2647 νεως

167 2672 618 2739 καταδυομένων,
659 2672 770 2724 τῶν
809 2671 869 2723 δὲ
897 2669 1036 2740 πρὸς
1061 2668 1241 2740 μάχην
1268 2669 1358 2724 ἐπὶ
1383 2675 1496 2723 τῶν
1525 2672 1723 2774 ἰκρίων
1749 2667 1851 2721 ἀλ-
1880 2684 1916 2720 3ο

167 2755 357 2825 λη’λοις
383 2756 940 2862 παρακελευομένων,
969 2775 1082 2807 των
1103 2755 1164 2807 δε
1187 2756 1264 2817 εἰς
1289 2752 1350 2807 τὸ
1377 2757 1594 2823 σκάφος
1598 2739 1677 2806 τὸ
1701 2749 1849 2822 ὑπη-

95 2838 98 2840 ’
168 2837 401 2908 ρετικὸν
397 2826 690 2892 γάλλεσθαι
727 2837 817 2891 καὶ
853 2840 1150 2905 διαδρᾶναι
1173 2840 1621 2908 βουλευομένων,
1657 2837 1760 2899 ἕως
1787 2837 1852 2890 έν
