1916 3132
791 106 1164 154 TETAPTON
1411 110 1415 114 ’
1717 109 1815 162 101

115 244 254 307 δέως
281 242 632 312 ἐπαυσάμην,
671 243 857 297 πολύν
883 262 1009 297 τινα
1035 246 1213 313 λῆρον
1241 246 1490 313 ἐμαυτοῦ
1515 265 1574 299 τε
1601 246 1695 300 καὶ
1719 252 1819 317 τῆς

112 327 285 398 κόρης
310 326 596 396 καταχέας.
646 325 684 396 ἢ
709 328 771 382 δὲ
807 325 998 382 πυκνὰ
1030 329 1136 398 τήν
1174 327 1434 399 κεφαλὴν
1470 330 1683 384 ἐπέσειε
1722 334 1816 386 καὶ

116 411 352 483 σεσηρὸς
386 408 712 480 ὑπεμειδία,
754 415 1090 466 πλανᾶσθαί
1122 397 1331 482 μεΙτὴν
1369 413 1554 477 ἄλλως
1579 417 1673 468 καὶ
1711 415 1815 486 τὴν

113 497 290 551 νόσον
326 495 557 565 ἀγνοεῖν
599 496 1016 566 ἐνδεικνυμένη.
1094 500 1403 563 καθεσθεὶς
1441 498 1509 569 δὴ
1550 503 1813 571 πλησίον,

56 607 76 638 5
111 583 318 650 θάρσει
346 582 596 650 θύγατερ
624 584 845 650 ἔλεγον·
888 581 1116 653 εὐτελὴς
1149 581 1182 652 ἡ
1212 584 1407 651 νόσος,
1448 584 1542 638 καὶ
1579 587 1816 655 ἰαθῆναι

113 665 294 738 ῥᾳδία.
334 669 615 735 βασκανία
636 684 741 720 σου
770 668 1085 738 καθήψατο,
1116 668 1253 737 τάχα
1279 669 1384 739 μὲν
1405 670 1498 723 καὶ
1521 668 1610 724 ὅτε
1639 670 1815 741 ἐπόμ-

111 770 307 821 πευες,
336 752 509 805 πλέον
535 752 597 805 δὲ
623 751 714 806 ὅτε
744 752 1066 822 ε’βράβευες.
1111 751 1217 822 ἐγώ
1246 754 1309 808 δὲ
1336 753 1429 807 καὶ
1455 753 1686 808 ὑπονοῶ
1714 754 1816 809 τὸν

109 839 328 905 μᾶλλον
365 838 744 907 βασκήναντα.
829 837 1110 907 Θεαγένης
1149 839 1333 906 ἐστίν,
1376 836 1405 892 ὁ
1439 840 1502 893 τὸ
1546 841 1815 894 ἐνόπλιον

114 922 360 991 δραμών.
413 919 518 975 οὐκ
546 923 719 976 ἔλαθέ
740 942 809 990 με
835 926 1178 993 παρατηρῶν
1203 938 1267 976 σε
1294 924 1570 988 πολλάκις
1596 925 1690 978 καὶ
1715 924 1815 978 τὸν

42 1031 81 1065 10
113 1004 416 1076 ὀφθαλμὸν
454 1007 799 1076 ἰταμώτερον
837 1008 1178 1076 ἐπιβάλλων.
1242 1007 1282 1076 ἢ
1319 1008 1407 1078 δέ,
1450 1009 1666 1073 ἐκεῖνος
1691 1009 1812 1077 μέν,

113 1096 223 1145 εἴτε
238 1090 419 1155 οὕτως
436 1088 586 1145 εἶδεν
607 1096 718 1145 εἴτε
737 1093 812 1161 μή
828 1133 843 1161 ,
869 1091 1050 1145 πολλοὶ
1070 1091 1306 1163 χαιρέτω
1322 1109 1335 1122 ·
1359 1097 1535 1147 τίνων
1556 1095 1620 1147 δέ
1638 1093 1812 1163 ἐστιν,

110 1171 147 1246 ἢ
182 1177 389 1239 πόθεν;
442 1175 527 1230 ὅτι
562 1175 809 1240 πολλοὺς
836 1176 1028 1245 ἑώρων
1054 1179 1183 1247 περὶ
1211 1175 1384 1232 αὐτὸν
1415 1179 1810 1249 ἐπτοημένους.

112 1259 187 1325 ὥς
210 1262 315 1330 μὲν
347 1259 618 1323 Θετταλὸς
641 1261 704 1314 τὸ
736 1262 927 1330 γένος,
965 1265 1129 1332 ἔφην,
1171 1265 1355 1332 ἔφθης
1389 1263 1684 1318 ἀκούσασα
1720 1263 1815 1316 καὶ

110 1349 213 1400 τοῦ
239 1346 512 1416 κήρυκος,
543 1345 634 1400 ὅτε
661 1345 838 1401 αὐτὸν
865 1345 1272 1416 ἀνηγόρευσεν·
1315 1347 1590 1417 άναφέρει
1618 1349 1679 1402 δὲ
1711 1346 1814 1402 αὑ-

43 1456 85 1491 15
116 1432 219 1486 τὸν
247 1433 324 1493 εἰς
344 1429 590 1500 Ἀχιλλέα
618 1432 920 1500 πρόγονον.
963 1435 1059 1485 καί
1081 1453 1176 1500 μοι
1203 1432 1584 1502 ἐπαληθεύειν
1610 1436 1813 1501 ἔοικεν,

115 1517 166 1570 εἰ
189 1517 278 1569 δεῖ
299 1520 375 1587 τῷ
413 1516 640 1584 μεγέθει
677 1518 770 1570 καὶ
795 1521 871 1588 τῷ
909 1517 1103 1570 κάλλει
1129 1521 1230 1570 τοῦ
1258 1525 1492 1571 νεανίου
1518 1520 1814 1586 τεκμαίρε-

114 1607 278 1667 σθαι,
307 1603 662 1673 πιστουμένῳ
687 1600 789 1672 τὴν
811 1600 1117 1670 Ἀχίλλειον
1139 1599 1431 1670 εὐγένειαν
1447 1622 1457 1631 ·
1499 1602 1652 1671 πλὴν
1679 1599 1815 1654 ὅσον

115 1685 217 1755 ούχ
243 1684 552 1755 ὑπέρφρων
578 1684 704 1740 οὐδ’
733 1670 1109 1756 άγήνωρΙκαί
1138 1685 1378 1755 ἐκεῖνον,
1406 1685 1550 1741 ἀλλὰ
1571 1690 1670 1756 τῆς
1691 1687 1816 1739 δια-

117 1775 280 1834 νοίας
315 1772 416 1824 τὸν
453 1769 628 1840 ὄγκον
665 1768 897 1842 ἡδύτητι
935 1767 1369 1839 καταπραῦνων.
1445 1770 1587 1826 ἀλλὰ
1613 1773 1816 1839 καίπερ

45 1882 87 1915 20
114 1860 369 1920 τοιοῦτος
393 1853 478 1910 (ὃν
510 1855 687 1910 πάθοι
714 1857 1022 1927 δριμύτερα
1050 1847 1130 1910 ὦν
1157 1855 1450 1926 δέδρακεν,
1492 1856 1816 1925 ἐπίφθονον

114 1943 256 2010 ἔχων
281 1939 344 1995 τὸ
371 1943 588 2010 βλέμμα
616 1944 716 1995 καί
737 1955 799 1995 σε
826 1946 893 2012 τῇ
921 1944 1028 2013 θέᾳ
1053 1942 1497 2011 καταβασκήνας.
1546 1935 1591 1994 ὦ
1619 1942 1815 2010 πάτερ,

114 2029 251 2096 ἔφη,
281 2026 370 2079 σοὶ
394 2027 499 2094 μὲν
526 2026 685 2095 χάρις
708 2018 1127 2095 ὑπεραλγοῦντι
1147 2026 1214 2080 τὰ
1240 2024 1506 2096 ἡμέτερα·
1546 2029 1599 2080 τί
1625 2026 1687 2080 δὲ
1715 2046 1817 2079 κα-

114 2114 258 2182 ταρᾷ
283 2114 466 2180 μάτην
492 2115 568 2182 τῷ
595 2111 734 2179 τάχα
762 2106 934 2164 οὐδὲν
953 2110 1273 2181 ήδικηκότι;
1302 2115 1454 2165 νοσῶ
1479 2109 1588 2179 γάρ
1615 2110 1684 2164 οὐ
1710 2113 1818 2179 βα-

116 2200 358 2249 σκανίαν
383 2193 509 2248 ἀλλ’
540 2195 736 2265 ἑτέραν
761 2197 920 2265 τινά,
959 2194 1032 2259 ὡς
1058 2199 1234 2265 ἔοικε,
1275 2197 1466 2251 νόσον.
1530 2193 1647 2250 εἶτα
1674 2194 1818 2248 ἀπο-

45 2305 88 2338 25
118 2281 409 2350 κρύπτεις,
451 2283 614 2350 ἔφην,
643 2273 688 2333 ὦ
715 2281 935 2349 τέκνον,
974 2278 1098 2334 ἀλλ’
1129 2278 1254 2351 ούχὶ
1287 2286 1592 2347 θαρσοῦσα
1619 2283 1817 2349 λέγεις,

117 2362 267 2427 ὅπως
303 2362 374 2418 ἄν
410 2366 503 2418 καὶ
529 2368 798 2435 βοηθείας
837 2361 1283 2436 εύπορήσαιμεν;
1322 2364 1448 2436 οὐχὶ
1485 2364 1666 2434 πατήρ
1707 2366 1822 2433 εἰμί

118 2463 204 2503 σοι
244 2447 348 2519 τήν
384 2447 631 2519 ἡλικίαν,
672 2453 765 2504 καὶ
802 2453 974 2505 πλέον
1000 2451 1106 2522 τὴν
1143 2449 1400 2515 εὕνοιαν;
1441 2449 1509 2505 οὐ
1548 2447 1715 2519 πατρὶ
1741 2452 1818 2520 τῷ

119 2538 198 2603 σῷ
224 2533 503 2604 γνώριμος
542 2537 634 2588 καὶ
675 2533 985 2605 ὁμόψυχος;
1026 2539 1261 2606 ἔκφαινε
1299 2532 1331 2590 ὃ
1368 2537 1617 2604 κάμνεις.
1673 2537 1817 2602 ἔχεις

120 2619 185 2672 ἐν
203 2618 326 2686 ἐμοὶ
344 2617 408 2672 τὸ
430 2620 647 2687 πιστόν,
672 2623 721 2673 εἰ
738 2622 934 2690 βούλει
949 2662 963 2689 ,
991 2623 1085 2675 καὶ
1108 2621 1412 2689 ἐνώμοτον.
1453 2620 1577 2688 λέγε
1596 2618 1818 2687 θαρσή-

47 2727 90 2762 ³0
121 2718 286 2771 σασα,
307 2704 446 2772 μηδὲ
467 2705 695 2774 χορήγει
711 2709 788 2775 τῷ
818 2706 1092 2759 λυποῦντι
1115 2707 1355 2774 μέγεθος
1376 2709 1659 2759 σιωπῶσα.
1710 2706 1820 2755 πά-

117 2780 224 2850 θος
247 2789 356 2856 γὰρ
382 2787 533 2840 ἅπαν
559 2786 621 2842 τὸ
647 2790 751 2857 μὲν
779 2788 948 2854 ὀξέως
982 2789 1405 2858 γινωσκόμενον
1445 2787 1818 2857 εὐβοήθητον,

118 2869 181 2924 τό
221 2873 282 2925 δὲ
322 2874 507 2944 χρόνῳ
546 2871 1064 2944 παραπεμπόμενον
1105 2876 1275 2944 ἐγγὺς
1312 2873 1571 2927 ἀνίατον·
1634 2866 1818 2939 τροφὴ
