1916 3132
145 113 215 165 24
850 119 1154 167 ΠΡΩΤΟΝ

147 252 272 307 οὐδ’
313 252 386 307 ἀν
425 256 627 323 ἔληξαν
665 258 1044 324 θρηνοῦντες,
1086 258 1137 309 εἰ
1170 257 1247 326 μή
1284 277 1366 320 τις
1403 256 1582 320 ῦπνος
1615 258 1847 322 ἐπιπτάς

146 336 250 407 ὑφ’
290 336 496 408 ἡδονῆς
533 342 647 391 τῶν
684 339 837 407 γόων
876 342 1086 393 ἔπαυσε
1121 346 1238 394 τῶν
1278 344 1558 409 δακρύων.

255 424 347 476 καὶ
387 426 445 476 οἳ
476 423 582 491 μὲν
621 422 802 486 οὕτως
841 424 1179 494 ἐκάθευδον,
1232 424 1261 478 ὁ
1300 427 1362 479 δὲ
1388 427 1616 503 -ρύαμις
1654 434 1841 498 (τοῦτο

147 505 254 576 γὰρ
293 501 366 577 ἦν
404 505 582 578 ὄνομα
619 513 695 578 τῷ
734 511 1051 580 λῃστάρχῳ)
1091 513 1187 578 τῆς
1227 513 1431 573 νυκτὸς
1467 509 1527 564 τὸ
1578 518 1844 567 πλεῖστον

150 592 529 662 ένηρεμήσας,
568 589 675 647 ὑπὸ
716 596 890 646 τινῶν
929 591 1238 660 ὀνειράτων
1275 599 1718 665 πεπλανημένων
1753 619 1842 652 τε-
1873 615 1894 648 5

147 677 493 744 ταραγμένος
518 678 738 744 ἀθρόον
775 680 889 730 τῶν
927 676 1127 731 ὕπνων
1166 678 1566 749 ἀποσεσύλητο,
1608 684 1700 735 καὶ
1737 683 1842 752 τήν

150 762 413 814 ἐπίλυσιν
439 763 728 828 διαπορῶν
757 762 1245 831 ἐπηγρύπνείτοῐς
1271 768 1659 834 φροντίσμασι.
1701 774 1838 821 καθ’

146 841 214 898 ὃν
238 845 349 913 γὰρ
379 845 579 913 καιρὸν
608 845 980 914 ἀλεκτρυόνες
1005 847 1261 916 ᾄδουσιν,
1293 854 1416 916 εἴτε,
1446 848 1519 912 ὥς
1543 849 1724 919 λόγος,
1754 854 1839 904 αἰ-

147 930 350 998 σθήσει
389 933 608 1000 φυσικῇ
643 934 742 999 τῆς
778 934 880 983 τοῦ
918 928 1084 999 ἡλίου
1123 931 1256 985 καθ’
1286 930 1424 1003 ἡμᾶς
1461 940 1842 1005 περιστροφῆς

148 1012 239 1066 ἐπὶ
265 1010 369 1084 τὴν
395 1017 498 1067 τοῦ
522 1018 667 1068 θεοῦ
694 1015 1010 1084 πρόσρησιν
1037 1017 1378 1084 κινούμενοι,
1422 1023 1533 1072 εἴτε
1564 1016 1674 1073 ὑπὸ
1701 1026 1838 1087 θερ-
1869 1036 1910 1068 10

145 1100 382 1168 μότητος
429 1098 542 1167 ἅμα
582 1099 675 1152 καὶ
712 1103 808 1168 τῆς
846 1101 972 1165 περὶ
1011 1101 1072 1154 τὸ
1113 1107 1390 1154 κινεῖσθαι
1429 1102 1523 1155 καὶ
1561 1110 1842 1158 σιτεῖσθαι

144 1187 358 1236 θάττον
407 1185 711 1251 ἐπιθυμίας
757 1182 888 1245 τοῦς
926 1190 1330 1248 συνοικοῦντας
1367 1188 1491 1257 ἰδίῳ
1528 1188 1841 1258 κηρύγματι

149 1269 241 1321 ἐπὶ
269 1269 798 1336 έργονοέγείροντες,
833 1266 971 1336 ὄναρ
999 1267 1149 1340 αὐτῷ
1174 1277 1334 1322 θεῖον
1361 1273 1574 1339 ἔρχεται
1601 1272 1835 1327 τοιόνδε.

145 1350 284 1405 κατά
313 1348 415 1421 τὴν
436 1353 673 1422 Μέμφιν
698 1350 802 1421 τὴν
829 1354 1031 1406 ἑαυτοῦ
1059 1354 1222 1407 πόλιν
1257 1352 1356 1406 τὸν
1391 1354 1539 1408 νεών
1574 1357 1671 1426 τῆς
1696 1354 1840 1409 ’Ἰσι-

147 1439 242 1499 δος
282 1437 672 1505 ἐπερχόμενος,
714 1438 1007 1507 λαμπαδίςο
1047 1437 1182 1508 πυρὶ
1219 1439 1321 1491 τόν
1361 1439 1497 1492 ὅλον
1524 1440 1708 1494 ἐδόκει
1735 1461 1834 1493 κα-
1869 1458 1909 1490 15

144 1521 565 1588 ταλάμπεσθαι,
606 1524 928 1590 πεπλῆσθαι
968 1523 1029 1574 δὲ
1067 1521 1290 1590 βωμούς
1327 1525 1430 1591 μὲν
1468 1523 1560 1577 καὶ
1599 1525 1837 1593 ἐσχάρας

145 1603 299 1670 ζώων
339 1609 643 1672 παντοίων,
684 1606 872 1672 αἵματι
908 1606 1260 1674 διαβρόχους,
1301 1608 1624 1677 προπύλαια
1652 1609 1833 1663 δὲκαὶ

145 1689 522 1758 περιδρόμους
570 1688 897 1757 ἀνθρώπων
944 1690 1149 1758 κρότου
1199 1693 1291 1743 καὶ
1329 1693 1591 1760 θορύβου
1631 1709 1838 1762 συμμι-

145 1778 280 1840 γοῦς
327 1776 510 1827 πάντα
557 1773 943 1841 πληρούντων.
1033 1775 1146 1826 ἐπεὶ
1194 1776 1253 1828 δὲ
1302 1778 1395 1827 καὶ
1444 1775 1633 1830 αὐτῶν
1681 1777 1839 1840 ἐντὸς

145 1857 304 1927 ἥκειν
329 1862 444 1911 τῶν
471 1858 820 1926 ἀνακτόρων,
853 1855 957 1924 τήν
982 1855 1117 1910 θεὸν
1144 1855 1486 1912 ὑπαντῶσαν
1515 1863 1838 1931 ἐγχειρίζειν
1865 1880 1907 1913 20

145 1963 203 1996 τε
229 1942 331 2011 τὴν
358 1946 713 2012 Χαρίκλειαν,
758 1942 849 1993 καὶ
886 1943 1082 2009 λέγειν,
1120 1935 1166 1994 οδ
1197 1943 1393 2012 Θύαμι,
1419 1945 1589 2012 τήνδε
1617 1961 1704 1998 σοι
1729 1944 1833 2014 τὴν

145 2027 437 2094 παρθένον
465 2025 568 2093 ἐγώ
597 2027 968 2093 παραδίδωμι.
1008 2024 1079 2078 σῦ
1108 2028 1168 2080 δὲ
1196 2029 1338 2095 ἔχων
1365 2027 1465 2096 οὐχ
1503 2028 1667 2093 ἕξεις,
1707 2028 1832 2082 ἀλλ’

144 2110 336 2173 ἄδικος
376 2114 474 2180 ἔσῃ
502 2110 594 2163 καὶ
621 2112 920 2177 φονεύσεις
943 2109 1047 2178 την
1075 2110 1259 2179 ξένην·
1301 2108 1336 2180 ἢ
1362 2113 1423 2166 δὲ
1446 2112 1513 2165 οὐ
1539 2114 1834 2182 φονευθή-

145 2209 314 2248 σεται.
367 2198 541 2246 ταῦτα
580 2192 653 2255 ὠς
688 2190 854 2260 εἶδεν,
893 2192 1190 2262 ἀμηχάνως
1225 2197 1400 2264 διῆγε,
1438 2199 1571 2266 τῇδε
1607 2196 1834 2251 κάκεῖσε

143 2278 203 2331 τὸ
243 2277 597 2347 δηλούμενον
636 2276 667 2329 ὅ
704 2298 754 2329 τι
793 2279 925 2330 ποτέ
963 2278 1114 2330 ἐστιν
1153 2278 1539 2349 ἀναστρέφων.
1617 2280 1726 2349 ἤδη
1765 2281 1829 2335 δὲ
1862 2299 1903 2331 25

146 2361 458 2432 ἀπειρηκώς
494 2361 641 2415 ἕλκει
678 2361 816 2428 πρὸς
841 2363 946 2429 τήν
974 2362 1177 2415 ἑαυτοῦ
1203 2364 1478 2432 βούλησιν
1503 2363 1607 2432 τὴν
1635 2366 1834 2418 ἐπίλυ-

145 2464 237 2509 σιν
254 2466 265 2477 ·
306 2447 370 2500 τὸ
394 2448 498 2514 μὲν
523 2445 631 2515 γὰρ
660 2446 836 2510 “ἑ’ξεις
863 2447 954 2498 καὶ
982 2445 1077 2515 οὐχ
1103 2446 1282 2510 ἕξεις”
1304 2457 1547 2515 γυναῖκα
1574 2450 1667 2501 καὶ
1692 2445 1833 2502 οὐκ-

146 2532 223 2585 έτι
261 2532 554 2599 παρθένον
592 2529 917 2597 ὑπετίθετο,
957 2530 1019 2582 τὸ
1053 2532 1114 2585 δὲ
1153 2531 1448 2598 φονεύσεις
1485 2530 1580 2594 τὰς
1616 2539 1832 2601 παρθε-

144 2619 303 2677 νίους
340 2614 574 2680 τρώσεις
613 2617 843 2680 εἴκαζεν,
886 2612 987 2682 ὑφ’
1018 2607 1096 2667 ἦν
1134 2614 1237 2667 οὐκ
1277 2614 1692 2668 ἀποθανεῖσθαι
1728 2615 1832 2685 τὴν

145 2703 501 2768 Χαρίκλειαν.
1856 2716 1898 2749 30

63 2785 128 2836 19
252 2784 345 2836 καὶ
370 2781 433 2836 τὸ
459 2783 562 2850 μὲν
589 2781 734 2847 ὄναρ
762 2787 976 2835 -τοῦτον
1012 2785 1212 2850 ἔφραζε
1249 2781 1346 2835 τὸν
1384 2782 1614 2851 τρόπον,
1655 2783 1830 2846 οὕτως

146 2867 296 2938 αὐτῷ
335 2871 430 2936 τῆς
470 2866 773 2936 ἐπιθυμίας
813 2866 1196 2936 ἐξηγουμένης,
1238 2865 1348 2934 ἅμα
1386 2868 1447 2921 δὲ
1485 2871 1552 2937 τῇ
1589 2868 1660 2938 ἕῳ
1697 2870 1831 2930 τούς
