1916 3132
822 141 1118 190 ΠΡΩΤΟΝ
1733 139 1801 193 21

102 277 198 333 καὶ
235 281 445 346 φοιτᾶν
483 275 615 345 παρ’
645 275 822 331 αὐτὸν
847 298 922 342 ως
951 280 1193 348 ἐκείνην.
1246 277 1477 347 μελήσει
1504 278 1571 331 δέ
1591 298 1687 347 μοι
1710 279 1805 333 καὶ

98 347 619 463 υποβεβρεγμενον
645 359 822 416 αὐτὸν
860 366 1194 417 κατακλῖναι
1231 361 1677 431 παρασκευασαι.
1755 366 1806 417 εί

101 448 161 502 δὲ
197 448 386 516 τύχοις
423 467 504 500 ων
540 447 755 515 βούλει,
794 448 1034 517 μαλιστα
1070 447 1176 516 μὲν
1215 444 1365 510 εἰκὸς
1403 433 1714 516 σχολασαι
1702 446 1802 501 τὸν

99 534 295 601 ἔρωτα.
347 534 579 593 πολλαῖς
617 551 757 585 κατα
792 532 896 603 τὴν
922 532 1154 606 πρώτην
1179 541 1399 605 πεῖραν
1411 533 1802 603 ἐναπεσβέσθη

48 638 68 670 5
97 637 167 671 τα
203 620 305 686 τῆς
341 617 669 697 ἐπιθυμίας·
711 617 880 693 κόρος
903 638 1012 691 γαρ
1040 620 1400 699 ἔρωτοῇτςξν
1413 637 1602 689 εργων
1624 616 1688 671 τὸ
1713 619 1800 671 τέ-

99 704 208 765 λος.
262 702 312 755 εἰ
339 701 399 755 δὲ
429 700 872 771 ἐναπομείνειεν,
902 701 935 755 ὃ
960 700 1032 771 μὴ
1059 702 1327 772 γένοιτο,
1339 703 1602 771 δεύτερος
1628 705 1800 770 ἔσται,

98 788 267 855 φασί,
316 789 510 849 πλοῦς
533 784 625 839 καὶ
664 785 821 853 ἑτέρα
859 785 1191 856 βουλή.τό
1229 788 1415 855 παρὸν
1452 789 1587 850 τέως
1623 793 1802 855 θερα-

99 862 377 940 πεύωμεν.

207 955 403 1026 ἐπῄνει
450 959 625 1009 ταῦτα
673 954 707 1025 ἡ
744 959 1100 1028 Δημαινέτη,
1149 958 1244 1010 καὶ
1291 956 1662 1027 προστιθέναι
1699 956 1799 1009 τά-
1819 961 1886 1013 16

28 1063 68 1095 10
101 1059 196 1110 χος
220 1050 337 1102 τοῖς
363 1042 722 1109 δεδογμένοις
749 1041 1018 1097 ἱκέτευεν.
1068 1039 1105 1113 ἢ
1132 1043 1193 1095 δὲ
1221 1044 1357 1112 μιάν
1381 1039 1599 1111 ἡμέραν
1637 1041 1803 1095 ἐνδο-

97 1129 274 1195 θῆναι
313 1123 456 1196 αὐτῇ
492 1126 633 1194 πρὸς
669 1124 733 1178 τὸ
773 1127 1038 1180 διανύσαι
1064 1131 1239 1181 ταῦτα
1267 1124 1421 1194 παρὰ
1447 1130 1545 1196 τῆς
1571 1127 1802 1179 δεσποί-

98 1230 198 1279 νης
225 1211 522 1279 αἰτήσασα,
551 1211 703 1280 παρὰ
731 1211 835 1280 μὲν
860 1212 965 1280 τὴν
997 1211 1293 1282 Ἀρσινόην
1323 1213 1592 1279 ἐλθοῦσα,
1633 1211 1803 1264 Τελέ-

98 1295 279 1370 διημον
318 1291 516 1357 οἷσθα;
569 1298 737 1363 ἔλεγε.
811 1300 908 1365 τῆς
956 1297 1018 1351 δὲ
1066 1295 1477 1366 ὁμολογούσης,
1528 1293 1802 1359 ὑπόδεξαι

96 1376 259 1447 ἡμᾶς,
300 1382 428 1449 ἔφη,
468 1377 532 1433 τὸ
570 1379 838 1449 τήμερον·
879 1377 1207 1451 ὑπεσχόμην
1243 1379 1353 1450 γὰρ
1393 1378 1544 1452 αὐτῷ
1585 1394 1800 1449 συγκα-

25 1486 67 1519 15
95 1463 422 1532 θευδήσειν.
485 1463 603 1534 ἥξει
641 1464 702 1516 δὲ
739 1463 1036 1535 πρότερος,
1080 1464 1187 1534 ἐγώ
1227 1466 1287 1520 δὲ
1316 1465 1451 1520 ὅταν
1478 1468 1798 1518 κατακλίνω

97 1550 203 1618 τὴν
229 1550 555 1605 δέσποιναν.
595 1550 738 1618 πρὸς
764 1549 826 1603 δὲ
852 1549 951 1603 τὸν
974 1549 1337 1618 Ἀρίστιππον
1364 1552 1442 1613 εἰς
1468 1548 1647 1619 ἀγρὸν
1675 1551 1800 1602 δια-

98 1635 421 1702 δραμοῦσα,
480 1624 523 1686 ὦ
574 1635 839 1701 δέσποτα,
898 1637 1108 1703 ἔλεγεν,
1163 1634 1282 1704 ἥκω
1339 1650 1429 1689 σοι
1477 1636 1792 1705 κατήγορος

102 1719 362 1788 ἐμαυτῆς,
402 1720 495 1771 καὶ
533 1716 769 1788 κέχρησο
809 1718 841 1772 δ’
877 1738 930 1772 τι
967 1722 1180 1788 βούλει.
1245 1719 1346 1774 τὸν
1382 1722 1557 1774 παῖδα
1596 1718 1671 1773 δι’
1702 1719 1799 1788 ἐμὲ

98 1800 485 1871 ἀπολώλεκας,
537 1801 638 1872 οὐχ
686 1804 934 1858 ἑκοῦσαν
979 1806 1102 1874 μέν,
1150 1803 1276 1858 ἀλλ’
1316 1803 1462 1875 ὅμως
1500 1807 1800 1859 συναιτιάν

25 1911 67 1944 20
96 1888 421 1958 γενομένην.
480 1890 791 1958 αἰσθομένη
828 1890 937 1958 γὰρ
976 1888 1080 1959 τὴν
1118 1891 1424 1944 δέσποιναν
1463 1888 1570 1944 οὐκ
1610 1887 1800 1958 ὀρθῶς

95 1973 338 2040 βιοῦσαν
385 1970 510 2026 ἀλλ’
553 1971 727 2043 εὐνὴν
773 1974 878 2044 τὴν
927 1975 1034 2044 σὴν
1074 1976 1508 2045 ἐνυβρίζουσαν,
1559 1973 1702 2043 αὐτή
1740 1993 1799 2027 τε

96 2055 224 2126 περὶ
276 2057 519 2126 ἐμαυτῆς
565 2059 824 2127 δείσασα,
882 2062 962 2128 μή
1014 2078 1149 2114 ποτε
1198 2055 1376 2113 κακὸν
1424 2060 1678 2128 λα’βοιμι,
1737 2056 1801 2112 τὸ

96 2145 326 2209 πρᾶγμα
366 2143 417 2195 εἰ
453 2141 527 2195 δι’
559 2141 737 2196 ἄλλου
777 2147 1093 2214 φωραθείη,
1134 2145 1229 2198 καὶ
1258 2146 1349 2198 ἐπὶ
1377 2145 1466 2198 σοὶ
1492 2144 1797 2214 περιαλγή-

96 2239 263 2294 σασα,
304 2227 356 2279 εἰ
390 2224 537 2279 οὕτω
574 2228 857 2296 περιέπων
881 2231 988 2297 τήν
1015 2233 1657 2283 συνοικοῦσανὶτοιαῦτα
1697 2223 1801 2281 ἀν-

25 2334 67 2367 25
96 2312 414 2379 τιποὶσχοις,
480 2309 619 2380 αὐτὴ
677 2315 778 2380 μέν
834 2328 923 2366 σοι
987 2314 1798 2383 προσαγγεῖλαίκατώκνησα,

95 2394 285 2463 φράζω
308 2394 370 2449 δὲ
396 2399 473 2466 τῷ
501 2397 607 2467 νέῳ
633 2397 898 2467 δεσπότῃ,
927 2397 1150 2468 νύκτωρ
1179 2398 1312 2465 παρ’
1343 2397 1516 2453 αύτόν
1546 2399 1799 2452 ἐλθοῦσα

97 2477 172 2541 ὠς
208 2475 281 2532 ἂν
316 2483 478 2549 γνοίη
516 2482 741 2550 μηδείς,”
767 2484 859 2535 καὶ
901 2485 1096 2550 ἔλεγον
1137 2481 1212 2546 ὥς
1249 2483 1443 2553 μοιχὸς
1468 2482 1579 2551 ἅμα
1606 2486 1675 2553 τῇ
1703 2484 1797 2536 δε-

97 2566 302 2634 σποίνῃ
341 2562 746 2632 συγκαθεύδοι.
802 2565 833 2619 ὂ
859 2569 922 2620 δέ
946 2568 1401 2638 (προυλελύπητο
1438 2569 1566 2637 γάρ,
1606 2567 1681 2631 ὣς
1716 2563 1799 2620 οἷ-

98 2652 231 2715 σθα,
271 2646 410 2716 πρὸς
435 2648 630 2718 αὐτῆς)
660 2652 829 2703 ἔνδον
857 2648 1001 2705 εἶναι
1039 2653 1163 2706 τότε
1201 2673 1268 2722 με
1307 2654 1491 2721 λέγειν
1527 2654 1630 2707 τὸν
1667 2671 1795 2721 μοι-

26 2757 68 2791 30
91 2733 199 2800 xbv
225 2737 475 2802 νομίσας,
516 2731 686 2803 ὀργῆς
723 2733 1102 2805 ἆκατασχέτου
1139 2741 1481 2806 πληρωθείς,
1522 2736 1799 2804 ἀνελόμε-

97 2837 194 2880 νος
230 2819 293 2870 τό
332 2818 686 2888 ἐγχειρίδιον,
740 2819 878 2887 ἐμοῦ
925 2824 1108 2874 πολλὰ
1161 2823 1413 2890 κατέχειν
1451 2819 1799 2890 πειρωμένης

98 2901 191 2955 καὶ
229 2899 302 2964 ὥς
340 2901 512 2957 οὐδὲν
551 2907 635 2973 εἰή
673 2904 931 2958 τοιοῦτον
972 2906 1062 2958 ἐπὶ
1089 2909 1191 2959 τοῦ
1219 2907 1501 2972 παρόντος
1526 2902 1798 2972 λεγούσης

1471 3008 1506 3036 Q
