1916 3132
0 0 303 93 &mv-blm
304 6 391 54 lo·
399 13 510 55 alar»
553 28 606 47 ἢ
589 4 790 69 “fllfmu
800 2 863 38 “m
892 16 935 26 ‘⁵

823 112 1081 161 TPITON
1733 109 1802 162 93

103 254 434 323 Αἰγυπτίων
457 252 668 319 σοφίαν
691 253 828 320 μίαν
854 249 947 305 καὶ
987 248 1090 321 τὴν
1127 248 1306 318 αὐτὴν
1330 246 1672 318 η’πάτηνται,
1702 270 1804 302 κα-

11 373 16 377 -
103 339 216 402 κῶς
241 335 465 400 εἰδότες.
504 356 548 414 η
518 333 674 405 “μὲν
698 335 807 406 γάρ
832 356 917 399 τις
945 335 1064 390 ἐστὶ
1089 336 1158 406 δη
1204 335 1378 404 ω’δης,
1407 334 1501 387 καὶ
1526 330 1601 397 ῶς
1626 331 1698 387 άν
1723 353 1806 396 τις

106 427 283 490 εἴποι,
334 415 514 491 χαμαῒ
543 423 843 492 ἐρχομένη,
893 420 1145 474 εἰδώλων
1228 421 1506 488 εράπαινα
1545 418 1638 472 καὶ
1678 420 1803 485 περὶ

106 505 334 575 σώματα
359 510 581 576 νεκρῶν
609 507 933 575 είλουμένη,
971 504 1238 574 βοτάναις
1273 513 1686 574 προστετηκυῖα
1714 505 1808 558 καὶ

56 611 77 646 5
108 591 351 663 ἐπῳδαῖς
389 589 767 660 ἐπανέχουσα,
816 588 956 656 πρὸς
1006 587 1177 646 οὐδὲν
1223 587 1446 658 ἀγαθὸν
1483 591 1638 652 τέλος
1675 588 1808 643 οὔτε

106 672 246 745 αὐτή
285 680 601 746 προσιοῦσα
638 675 771 730 οὔτε
806 676 939 739 τοὺς
976 677 1299 746 χρωμένους
1345 676 1631 745 φέρουσα,
1680 673 1806 728 ἀλλ’

109 759 250 832 αὐτὴ
290 763 415 831 περὶ
454 758 635 830 αὑτήν
670 760 738 816 τά
776 762 958 817 πολλοὶ
997 766 1303 831 πταιόυσα,
1354 762 1543 829 λυπρὰ
1584 761 1649 814 δέ
1681 780 1809 814 τινα

108 848 202 901 καὶ
238 848 475 915 γλίσχρα
503 848 656 900 ἔστιν
693 845 786 902 ὅτε
821 852 1214 918 κατορθοῦσα,
1254 849 1571 916 φαντασίας
1595 848 1711 900 τῶν
1735 843 1809 915 μὴ

109 929 292 986 ὄντων
317 927 389 994 ῶς
422 929 603 985 ὄντων
637 930 732 985 καὶ
757 931 1063 1003 ἀποτυχίας
1096 937 1212 988 τῶν
1240 933 1634 1002 ἐλπιζομένων,
1659 931 1811 1001 πρά-

42 1036 81 1070 10
111 1016 254 1082 ξεων
279 1015 565 1086 ἀθεμίτων
591 1016 806 1086 εὑρετὶς
839 1021 932 1072 καὶ
966 1015 1192 1087 ἡδονῶν
1230 1016 1563 1072 ἀκολάστων
1600 1014 1811 1087 ὑπηρέ-

109 1123 210 1166 τις.
255 1100 453 1177 js&
425 1106 613 1170 ετέρα,
648 1105 869 1171 τέκνον,
895 1103 929 1172 ἡ
959 1103 1186 1190 ἀληθῶς
1210 1107 1426 1172 σοφια,
1422 1095 1509 1186 ἧς
1534 1101 1675 1172 αὕτη
1702 1119 1811 1155 πα-

113 1187 388 1256 ρωνύμως
413 1187 729 1257 ἐνοθεύθη,
765 1185 838 1258 ἣν
868 1189 1033 1289 ἱερεῖς
1059 1191 1154 1242 καὶ
1178 1188 1534 1258 προφητικὸν
1560 1189 1722 1256 γένος
1749 1187 1812 1240 ἐκ

111 1272 261 1327 νέων
297 1272 646 1341 ἀσκοῦμεν,
667 1271 786 1326 ἅνω
824 1272 966 1342 πρὸς
1002 1272 1070 1326 τὰ
1108 1272 1347 1342 οὐράνια
1384 1273 1608 1342 βλέπει,
1656 1273 1813 1325 θεῶν

113 1357 418 1427 συνόμιλος
443 1357 536 1411 καὶ
561 1356 788 1428 φύσεως
812 1358 1153 1425 κρειττόνων
1178 1359 1432 1428 μέτοχος,
1470 1356 1700 1425 ἄστρων
1725 1359 1816 1409 κί-

43 1459 85 1494 15
114 1456 281 1512 νησιν
303 1444 594 1511 ἐρευνῶσα
614 1440 708 1496 καὶ
726 1444 1052 1511 μελλόντων
1073 1443 1401 1512 πρόγνωσιν
1413 1444 1813 1514 κερδαίνουσα,

114 1529 229 1580 τῶν
254 1528 358 1595 μὲν
382 1530 597 1597 γηίνων
634 1530 853 1582 τούτων
878 1532 1071 1582 κακῶν
1098 1527 1514 1596 άποστατοῦσα,
1542 1527 1726 1581 πάντα
1753 1527 1815 1580 δὲ

117 1611 257 1680 πρὸς
281 1610 344 1665 τὸ
371 1610 547 1665 καλὸν
571 1613 666 1666 καὶ
692 1612 722 1666 ὅ
746 1634 798 1667 τι
824 1611 1112 1682 ῶφέλιμον
1147 1612 1474 1683 ἀνθρώποις
1513 1610 1817 1682 ἐπιτηδεύ-

118 1711 280 1749 ουσα.
339 1694 412 1749 δι’
440 1696 515 1764 ἣν
552 1696 704 1766 κάγῶ
731 1702 831 1768 τῆς
858 1698 1194 1767 ἐνεγκούσης
1221 1701 1298 1760 εἰς
1336 1696 1540 1769 καιρὸν
1569 1697 1815 1767 ἐξέστην,

120 1785 176 1835 εἴ
205 1799 309 1851 πῃ,
348 1781 539 1845 καθώς
576 1781 670 1835 καὶ
708 1783 988 1853 πρότερόν
1026 1797 1116 1837 σοι
1155 1785 1417 1853 διῆλθον,
1457 1782 1525 1836 τά
1562 1802 1815 1853 προρρη-

48 1883 90 1916 20
119 1867 295 1921 θέντα
330 1886 426 1935 μοι
463 1864 599 1934 παρ’
629 1865 803 1936 αὐτῆς
840 1869 935 1922 καὶ
972 1870 1075 1922 τὸν
1111 1871 1227 1921 τῶν
1254 1869 1408 1937 ἐμῶν
1447 1869 1667 1921 παίδων
1693 1866 1812 1922 κατ’

119 1950 380 2021 ἀλλήλων
414 1953 663 2022 πόλεμον
701 1951 1124 2023 περιγράψαιμι.
1189 1956 1364 2006 ταῦτα
1389 1955 1493 2023 μὲν
1532 1944 1639 2007 οὖν
1662 1959 1820 2017 θεοῖς

117 2054 178 2090 τε
215 2045 331 2098 τοῖς
367 2034 558 2100 ἄλλοις
583 2039 674 2090 καὶ
701 2043 922 2108 μοίραις
958 2039 1385 2108 ἐπιτετράφθω,
1428 2041 1486 2091 οἳ
1507 2043 1820 2093 τοῦ“ποιεῖν

121 2139 182 2174 τε
209 2119 302 2174 καὶ
327 2118 424 2189 μὴ)
428 2120 491 2175 τὸ
517 2125 723 2191 κράτος
749 2126 1003 2193 ἔχουσιν·
1056 2126 1112 2176 οἳ
1132 2124 1225 2177 καὶ
1251 2123 1354 2193 τὴν
1381 2125 1573 2194 φυγήν
1597 2143 1692 2192 μοι
1718 2122 1820 2193 τὴν

123 2205 187 2260 ἐκ
211 2214 311 2276 τῆς
337 2207 677 2277 ἐνεγκούσης
702 2206 770 2261 οὐ
792 2206 886 2262 διά
911 2212 1088 2262 ταῦτα
1115 2209 1305 2276 πλέον,
1333 2206 1407 2272 ῶς
1426 2212 1628 2278 ἔοικεν,
1655 2204 1691 2279 ἢ
1715 2209 1821 2278 τὴν

51 2306 95 2339 25
123 2293 459 2362 Χαρικλείας
496 2290 720 2360 εὕρεσιν
757 2292 1051 2362 ἐπέβαλον.

230 2377 323 2430 καὶ
349 2380 515 2430 τοῦτο
542 2376 692 2445 μὲν
673 2377 846 2446 όπως,
888 2383 1011 2448 εἴσῃ
1047 2388 1164 2441 τοῖς
1188 2378 1336 2448 εξῆς·
1377 2378 1478 2433 τὸν
1512 2380 1574 2432 δὲ
1612 2380 1845 2486 Θεαγέ-Ι
1844 2375 1904 2427 17

124 2480 263 2531 νην,
317 2460 618 2530 ἐπειδήπερ
657 2464 946 2532 εἰσῆλθεν,
997 2462 1399 2535 ἀσπασάμενον
1445 2447 1845 2533 ἀμειψάμενος

129 2544 374 2613 ἐμαυτοῦ
420 2565 481 2599 τε
527 2549 770 2615 πλησίον
820 2549 910 2601 ἐπι
957 2553 1055 2617 τῆς
1094 2547 1261 2618 εὐνῆς
1299 2549 1590 2616 ἐκάθιζον,
1640 2550 1757 2601 καὶ
1769 2549 1826 2601 τί

128 2630 287 2698 χρέος
307 2626 549 2700 όρθριόν
575 2645 639 2687 σε
658 2631 782 2700 ἄγει
808 2631 943 2703 παρ’
962 2631 1107 2703 ἡμᾶς
1120 2631 1376 2704 ηρῶτων.
1418 2632 1450 2686 ὃ
1475 2635 1537 2687 δὲ
1563 2632 1626 2686 τό
1645 2633 1822 2702 πρόσ-

56 2727 99 2762 30
128 2732 286 2767 ωπον
325 2713 413 2767 ἐπὶ
460 2714 605 2769 πολὺ
653 2714 1280 2787 καταψήσαςῇἀγωνιῶ
1326 2721 1457 2786 μέν,
1507 2720 1644 2786 ἔφη,
1695 2715 1824 2785 περὶ

128 2802 230 2851 τοῦ
268 2801 505 2867 παντός,
557 2801 811 2870 ἐρυθριῶ
858 2803 921 2856 δὲ
971 2804 1282 2871 ἐκφαίνειν.
1315 2804 1452 2884 ἱκαὶ
1494 2800 1822 2868 ἐσιώπησεν.

133 2884 315 2951 ἔγνων
352 2875 459 2937 οὖν
496 2884 696 2956 καιρὸν
735 2883 878 2940 εἶναι
915 2886 1324 2956 τερατεύεσθαῖ
1343 2886 1483 2955 πρὸς
1521 2883 1695 2938 αὐτὸν
1732 2886 1826 2938 καὶ
