1916 3132
785 149 1166 198 AEYTEPON
1746 142 1813 196 77

117 292 212 350 καὶ
233 291 348 362 ἅμα
375 291 479 361 τὴν
505 286 685 358 ὁρμήν
710 284 784 351 ὥς
811 285 903 340 ἐπὶ
928 284 1028 339 τὸν
1063 284 1213 341 νεών
1253 282 1628 352 ἑποιούμεθα’
1670 283 1816 336 πάν-

117 398 185 432 τα
230 376 341 447 γάρ
384 374 494 445 ἤδη
543 372 968 442 παρεσκεύαστο
1017 368 1084 424 τὰ
1133 366 1274 438 πρὸς
1310 366 1415 437 τὴν
1450 369 1665 421 θυσίαν
1702 377 1819 431 τοῖς

121 464 436 524 Θετταλοῖς.
495 456 618 513 ἐπεὶ
655 457 718 511 δὲ
752 454 912 527 ἡμεῖς
949 475 1008 510 τε
1043 456 1185 525 πρὸς
1221 462 1336 516 τοῖς
1372 455 1584 522 βωμοῖς
1623 451 1817 520 ε’γενό-

116 551 266 616 μεθα
291 543 385 598 καὶ
411 541 440 598 6
466 545 696 606 νεανίας
722 539 826 612 ἤδη
853 544 968 594 τῶν
996 540 1165 609 ἱερῶν
1199 542 1459 608 κατῆρχε,
1497 555 1817 605 προκατευ-

69 652 91 685 5
121 631 363 699 ξαμένου
399 632 502 682 τοῦ
544 627 760 696 ἱερέως,
803 626 866 680 ἐκ
904 628 1020 679 τῶν
1059 622 1286 677 ἀδύτων
1324 620 1747 692 ἀναφθέγγεται
1784 617 1817 690 ἡ

118 716 318 768 Πυθία
355 713 561 767 τοιάδε.

257 827 345 891 τήν
370 828 504 890 χάριν
529 827 578 876 έν
602 826 826 888 πρώτοις,
853 823 1001 886 αὐτὰρ
1027 826 1155 879 κλέος
1179 821 1342 872 ἕστατ’
1370 824 1580 885 ἔχουσαν,

329 897 557 960 φράζεσθ’
587 893 622 945 ὦ
650 903 840 959 Δελφοί,
865 898 948 945 τόν
972 915 1021 944 τε
1045 902 1166 950 θεᾶς
1191 896 1395 956 γενέτην,

261 966 448 1063 ο“ὶ<ιηὸν
472 968 777 1029 προλιπόντες
802 967 912 1028 ἐμὸν
937 969 1019 1015 καὶ
1044 972 1170 1028 κῦμα
1193 964 1439 1027 τεμόντες8

50 1066 92 1100 10
330 1040 475 1100 ιξοντ’
502 1039 659 1102 ἠελίου
685 1037 800 1100 πρὸς
824 1039 981 1099 χθόνα
1005 1040 1223 1101 κυανέην,

261 1117 317 1176 τῇ
342 1132 428 1173 περ
453 1101 854 1174 ἀριστοβίων(μέγ’
882 1110 1074 1159 ἀέθλιον
1100 1108 1372 1169 ἐξάψονται,

334 1181 502 1232 λευκὸν
527 1181 603 1230 ἐπὶ
629 1176 882 1242 κροτάφων
909 1182 1079 1241 στέμμα
1103 1180 1459 1241 μελαινομένων.

228 1311 405 1362 ταῦτα
442 1309 546 1377 μὲν
583 1304 659 1370 ὥς
697 1305 930 1359 ἀνεῖπεν
970 1304 999 1358 6
1044 1304 1206 1372 θεός,
1256 1301 1537 1373 ἀμηχανία
1585 1303 1818 1371 πλείστη
1838 1305 1907 1359 36

122 1392 255 1456 τοὺς
280 1395 653 1462 περιεστῶτας
680 1390 981 1458 εἰσεδύετο,
1009 1388 1108 1443 τὸν
1135 1387 1387 1458 χρησμὸν
1414 1387 1445 1440 ὅ
1471 1408 1523 1441 τι
1557 1386 1822 1456 βούλοιτο

53 1501 94 1535 15
125 1478 357 1548 φράζειν
383 1475 754 1545 ἀποροῦντας.
795 1475 965 1537 ἄλλος
989 1474 1099 1542 γὰρ
1125 1473 1265 1542 πρὸς
1292 1472 1432 1525 ἄλλο
1453 1493 1505 1526 τι
1534 1471 1597 1526 τὸ
1629 1472 1823 1541 λόγιον

124 1565 286 1616 ἔσπα·
326 1560 419 1615 καὶ
458 1559 532 1625 ὥς
568 1562 799 1624 ἕκαστος
838 1557 947 1629 εἶχε
983 1559 1336 1628 βουλήσεως,
1377 1557 1525 1612 οὕτω
1565 1559 1659 1612 καὶ
1684 1555 1823 1611 ὑπε-

124 1649 432 1719 λάμβανεν.
474 1644 630 1700 οὔπω
653 1647 714 1700 δὲ
734 1643 920 1708 οὐδεὶς
944 1648 1059 1697 τῶν
1085 1642 1320 1712 ἀληθῶν
1348 1643 1646 1711 ἐφήπτετο.
1687 1663 1824 1712 χρη-

126 1735 258 1802 σμοὶ
294 1731 403 1802 γὰρ
441 1733 535 1786 καὶ
575 1729 783 1797 ὄνειροι
819 1728 886 1782 τά
926 1726 1110 1782 πολλοὶ
1146 1737 1264 1790 τοῖς
1301 1729 1485 1781 τέλεσι
1511 1730 1821 1797 κρίνονται.

126 1819 220 1871 καὶ
246 1816 428 1879 ἄλλως
453 1818 510 1869 οἱ
530 1813 748 1885 Δελφοὶ
774 1812 916 1883 πρὸς
951 1813 1057 1882 τήν
1094 1812 1328 1882 πομπὴν
1367 1812 1697 1883 ἐπτοημένοι
1723 1832 1823 1881 με-

56 1923 98 1956 20
127 1904 496 1973 γαλοπρεπῶς
532 1899 984 1971 ηὐτρεπισμένην
1019 1896 1349 1968 ἠπείγοντο,
1397 1896 1466 1950 τά
1505 1899 1826 1967 χρησθέντα

130 1985 270 2058 πρὸς
305 1987 368 2041 τό
408 1985 634 2056 ἀκριβὲς
671 1983 992 2054 ἀνιχνεύειν
1029 1983 1423 2054 ἀμελήσαντες.

237 2070 359 2126 ἐπεὶ
379 2072 440 2124 δὲ
459 2068 494 2140 ἡ
514 2070 704 2140 πομπὴ
728 2069 822 2123 καὶ
843 2066 872 2122 6
892 2069 1113 2137 σύμπας
1133 2066 1436 2136 ἐναγισμὸς
1458 2069 1727 2137 ἐτελέσθη
1740 2098 1824 2119 -.
1859 2070 1907 2122 Γ

235 2157 328 2212 καὶ
354 2154 467 2226 μὴν
492 2153 598 2208 οὐκ
627 2154 912 2223 ἐτελέσθη,
940 2154 1135 2222 πάτερ,
1163 2151 1474 2221 ὑπολαβών
1501 2151 1530 2206 6
1558 2151 1824 2221 Κνήμων.

32 2308 35 2309 ⁷
131 2242 227 2312 ἐμὲ
263 2243 408 2310 γοῦν
446 2237 601 2294 οὔπω
639 2237 853 2308 θεατὴν
892 2235 921 2291 6
947 2237 1043 2301 σὸς
1070 2237 1338 2307 ἐπέστησε
1365 2237 1551 2306 λόγος,
1595 2235 1717 2291 ἀλλ’
1752 2238 1830 2299 εἰς

59 2345 103 2378 25
131 2331 321 2381 πᾶσαν
346 2322 671 2395 ὑπερβολὴν
694 2322 1004 2394 ἡττημένον
1030 2326 1127 2392 τῆς
1162 2321 1488 2391 ἀκροάσεως
1524 2320 1619 2376 καὶ
1657 2318 1828 2375 αὐτο-

132 2411 336 2481 πτῆσαι
371 2410 691 2464 σπεύδοντα
725 2408 829 2479 τήν
864 2392 1668 2478 πανήγυρινΓῶσπερΗκατόπιν
1703 2406 1828 2475 ἑορ-

137 2498 234 2566 τῆς
256 2487 499 2565 ἥκονταζ
523 2492 587 2547 τὸ
612 2497 713 2547 τοῦ
740 2491 932 2563 λόγου,
972 2493 1364 2562 παρατρέχεις,
1407 2490 1548 2560 ὁμοῦ
1582 2510 1644 2544 τε
1670 2489 1829 2543 ἀνοί-

136 2580 231 2644 ξας
257 2579 351 2632 καὶ
376 2580 600 2642 κλείσας
623 2577 687 2631 τὸ
709 2581 969 2649 θέατρον.
1034 2578 1142 2646 ἐγώ
1182 2576 1303 2647 μέν,
1343 2569 1386 2630 ὦ
1421 2576 1680 2646 Κνήμων,
1721 2578 1829 2644 ἔφη

136 2663 164 2718 6
193 2663 527 2733 Καλάσιρις,
564 2661 766 2732 ἥκιστά
801 2678 864 2717 σε
890 2672 1005 2725 τοῖς
1031 2664 1246 2727 ἔξωθεν
1272 2662 1364 2715 καὶ
1390 2659 1665 2724 τοιούτοις
1690 2659 1832 2729 βού-

69 2764 112 2799 30
134 2752 306 2825 ,λομαι
347 2749 610 2817 διοχλεῖν,
653 2747 746 2802 ἐπὶ
781 2748 849 2801 τὰ
887 2745 1226 2816 καιριωτερά
1263 2760 1326 2798 σε
1362 2749 1459 2815 τῆς
1496 2744 1833 2814 ἀφηγήσεως

137 2833 232 2886 καὶ
276 2826 358 2886 ὦν
407 2832 680 2902 ἐπεζήτεις
727 2833 783 2897 ἐξ
834 2830 1007 2901 ἀρχῆς
1045 2830 1429 2884 συνελαύνων.
1508 2832 1628 2883 ἐπεὶ
1667 2828 1729 2880 δὲ
1769 2825 1832 2880 ἐκ

138 2917 394 2986 παρόδου
418 2915 635 2985 θεωρὸς
659 2918 930 2985 γενέσθαι
955 2915 1318 2985 βεβούλησαι,
1355 2912 1428 2967 σύ
1455 2914 1560 2982 μὲν
1590 2910 1834 2973 Ἀττικός
