1916 3132
0 9 16 55 s
31 19 75 51 ,Δί-ι
95 1 132 40 ’ζᾸ
139 30 151 44 »

151 20 274 38 dxv

192 99 214 148 1
227 99 291 150 12
857 104 943 150 ΤΕ
950 104 1039 150 TA
1045 103 1232 150 PTON

182 237 286 306 τὴν
327 240 631 306 ἐπέτρεψα,
671 242 799 293 τίνα
836 236 1053 292 σκοπὸν
1090 242 1200 307 ἔχει
1239 237 1302 292 τὸ
1340 238 1594 306 πλάσμα,
1634 234 1727 288 καὶ
1753 238 1879 290 τίνα

182 323 426 391 τρόπον,
475 321 616 376 ὥστε
663 322 736 392 μὴ
786 325 862 386 εἰς
910 326 1077 392 ἔργον
1122 322 1399 422 ἀχθῆναι,
1446 323 1876 392 διαλυθήσεταις

182 407 375 477 γνώσῃ
428 417 544 471 τοῖς
582 410 794 509 ἔργοις,
843 410 1004 510 ἔφην.
1079 406 1205 460 τινὰ
1243 407 1740 475 προαγορευόμενα
1777 406 1881 476 μὲν

185 490 469 561 γυναιξὶν
474 494 626 544 ἔστιν
654 488 766 544 ὅτε)
774 491 865 544 καὶ
894 511 1067 544 οκνον
1074 478 1349 561 ἤνεγκεν,
1389 491 1793 560 ἐπιτελούμενα
1816 491 1882 544 δὲ

191 577 252 630 ἐκ
292 581 393 630 τοῦ
433 568 772 645 παραχρῆμα
797 572 1319 677 ἱθαρραλεεότερον
1327 574 1555 645 ἠνύσθη
1594 574 1880 638 πολλάκις.
1911 595 1916 625 .¹

187 660 326 714 ἕπου
365 660 542 730 μόνον
581 670 701 723 ταῖς
741 663 896 730 ἐμαῖς
933 657 1277 730 ὑποθήκαις,
1318 661 1385 714 τά
1422 680 1482 714 τε
1519 659 1663 714 ἄλλα
1701 660 1794 713 καὶ
1821 658 1883 714 τὸ

186 747 373 813 παρὸν
410 748 485 815 τῷ
523 748 798 814 Χαρικλεῖ
831 745 1102 813 σύντρεχε
1140 744 1206 798 τὰ
1245 741 1383 812 πρὸς
1421 743 1520 798 τὸν
1557 745 1770 814 γάμον,
1806 742 1884 808 ὥς

186 829 359 883 οὐδὲν
410 831 633 883 ἐκείνου
684 829 994 896 πράξοντος
1041 827 1183 883 ἄνευ
1220 832 1318 898 τῆς
1357 830 1493 898 ἐμῆς
1530 827 1882 898 ὑφηγήσεως.

188 912 465 982 (ὁμολόγει
500 918 691 971 ταῦτα.

104 1000 172 1051 14
293 998 387 1052 καὶ
411 997 514 1068 τὴν
541 999 644 1067 μὲν
671 995 957 1051 ἀπολείπω
980 999 1368 1066 δακρύουσαν,
1398 996 1523 1067 ἄρτι
1550 999 1611 1050 δὲ
1641 1000 1744 1051 τοῦ
1769 998 1883 1051 δω-
1908 1023 1916 1050 τ

188 1087 390 1152 ματίου
428 1080 731 1151 προελθών
770 1081 886 1150 ὁρῶ
932 1080 1032 1135 τὸν
1076 1087 1359 1155 Χαρικλέα
1387 1083 1527 1152 πρὸς
1563 1079 1886 1151 ὑπερβολὴν

188 1170 505 1235 περίλυπον
532 1167 625 1219 καὶ
652 1166 834 1237 πάσης
860 1170 1167 1236 κατηφείας
1187 1166 1505 1221 ἀνάπλεων.
1547 1167 1640 1220 καὶ
1666 1159 1712 1219 ὦ
1737 1172 1887 1220 θαυ-

189 1256 381 1321 μάσιε,
423 1250 564 1320 πρὸς
601 1249 777 1304 αὐτὸν
814 1254 976 1321 ἔφην,
1014 1250 1106 1305 ὅτε
1145 1265 1207 1304 σε
1246 1253 1418 1320 ἐχρῆν
1453 1252 1758 1320 τέρπεσθαι
1792 1252 1888 1304 καὶ

192 1339 434 1405 χαίρειν,
463 1333 746 1389 ἀποθύειν
773 1356 830 1391 τε
856 1337 1188 1406 χαριστήρια
1213 1346 1329 1399 τοῖς
1353 1343 1526 1404 θεοῖς,
1557 1335 1888 1404 ἐπιτυχόντα

190 1425 305 1474 τῶν
332 1420 506 1472 πάλαι
532 1435 621 1474 σοι
649 1418 723 1473 δι’
756 1420 948 1489 εὐχῆς,
988 1422 1080 1474 καὶ
1116 1423 1453 1489 Χαρικλείας
1487 1418 1590 1481 ὀψέ
1623 1439 1757 1474 ποτε
1793 1420 1888 1473 καὶ

193 1503 303 1559 σὺν
330 1505 493 1574 τέχνῃ
521 1509 702 1574 πολλῇ
730 1507 822 1557 καὶ
850 1509 1023 1575 σοφία
1047 1510 1114 1576 τῇ
1145 1507 1251 1574 ἐμῇ
1277 1505 1419 1572 πρὸς
1449 1505 1760 1573 ἐπιθυμίαν
1783 1504 1883 1573 γά-

192 1610 315 1659 μων
347 1591 811 1658 ἐπικλασθείσης,
839 1589 964 1642 τότε
990 1589 1333 1658 σκυθρωπὸς
1359 1589 1452 1642 καὶ
1480 1589 1755 1656 σύννους,
1795 1590 1889 1642 καὶ

193 1672 371 1742 μόνον
399 1674 467 1727 ού
494 1681 756 1743 θρηνεῖς,
799 1672 904 1726 οὐκ
931 1671 1041 1728 οἷδ’
1072 1673 1101 1727 ὅ
1131 1694 1182 1726 τι
1210 1674 1522 1736 πεπονθώς.
1589 1674 1682 1726 καὶ
1709 1671 1797 1742 ὅς,
1836 1677 1896 1726 τί

194 1758 254 1812 δὲ
282 1756 350 1811 οὐ
378 1759 590 1827 μέλλω,
626 1761 724 1826 τῆς
750 1760 1021 1826 φιλτάτης
1046 1778 1140 1826 μοι
1166 1762 1266 1811 τοῦ
1291 1761 1422 1826 βίου
1448 1758 1586 1827 τάχα
1613 1757 1889 1826 πρότερον

193 1844 678 1912 μεταστησομένης
703 1837 739 1910 ἢ
766 1840 900 1911 πρὸς
926 1843 1126 1911 γάμον,
1166 1841 1241 1905 ὠς
1267 1843 1405 1912 φῄς,
1444 1842 1885 1911 συναφθησομέ-

195 1947 319 1996 νης,
350 1932 476 1980 εἴτι
499 1927 589 1980 δεῖ
610 1926 906 1995 προσέχειν
935 1924 1213 1997 ὀνείρασι,
1242 1937 1358 1989 τοῖς
1382 1945 1442 1979 τε
1467 1924 1662 1988 ἄλλοις
1688 1926 1782 1979 καὶ
1807 1920 1866 1979 οἷ

194 2015 291 2080 τῆς
316 2010 679 2080 παρηκούσης
717 2007 1167 2080 ἐξεδειματεόθην
1193 2010 1425 2078 νυκτός,
1464 2008 1597 2063 καθ’
1623 2010 1699 2079 ἣν
1723 2009 1891 2063 ἀετὸν

196 2093 349 2166 ᾤμην
378 2096 440 2148 ἐκ
468 2095 653 2165 χειρὸς
673 2093 960 2163 ἀφεθέντα
981 2099 1081 2148 τοῦ
1105 2099 1336 2149 Πυθίου
1357 2094 1450 2148 καὶ
1471 2094 1689 2162 ἀθρόον
1716 2114 1888 2147 κατα-

195 2169 442 2252 πτάνταζ
475 2181 538 2232 τό
576 2200 634 2233 τε
672 2181 987 2248 θυγάτριον
1015 2179 1078 2232 ἐκ
1106 2180 1353 2247 κόλπων,
1383 2183 1558 2248 οἴμοι,
1597 2182 1711 2231 τῶν
1739 2180 1892 2246 ἐμῶν

196 2263 633 2333 ἀναρπάσαντα,
672 2268 773 2333 γῆς
813 2263 902 2318 ἐπ’
932 2263 1166 2333 ἔσχατόν
1203 2284 1255 2317 τι
1294 2264 1465 2330 πέρας
1503 2268 1757 2332 οἴχεσθαι
1783 2262 1891 2331 φέ-

198 2368 398 2418 ροντα,
438 2349 719 2416 ζοφώδεσί
752 2363 900 2401 τισιν
937 2349 1190 2411 εἰδώλοις
1226 2349 1318 2401 καὶ
1354 2347 1617 2400 σκιώδεσι
1647 2349 1890 2416 πλῆθον,

197 2433 291 2486 καὶ
311 2432 465 2495 τέλος
482 2431 614 2485 οὐδὲ
636 2436 851 2501 γνῶναι
879 2431 911 2485 ὅ
934 2454 987 2485 τι
1007 2434 1140 2486 ποτε
1161 2433 1254 2486 καὶ
1277 2431 1529 2501 δράσειε,
1556 2434 1658 2484 τοῦ
1683 2433 1892 2500 μεσεύ-

200 2537 361 2579 οντος
379 2516 617 2585 ἀπείρου
639 2516 1010 2597 διαστήμμτος
1024 2506 1448 2585 Ξσυνεκδραμεῖν
1467 2517 1535 2584 τῇ
1563 2517 1763 2585 πτήσει
1787 2515 1892 2585 τὴν

195 2604 357 2674 θέανζ
378 2598 859 2669 ἐνεδρεύσαντος.(’

116 2681 184 2733 15
305 2690 481 2739 ταῦτα
518 2705 593 2747 ως
631 2682 805 2751 εἶπεν,
848 2684 957 2753 ἐγώ
996 2689 1100 2753 μὲν
1125 2684 1251 2738 όποι
1277 2688 1451 2737 τείνοι
1477 2683 1539 2737 τὸ
1579 2677 1719 2754 ὄναρ
1746 2698 1889 2738 συν-

201 2774 460 2840 έβαλλον,
502 2771 724 2823 ἐκεῖνον
762 2769 823 2822 δε
853 2768 912 2821 ἐκ
939 2772 1036 2837 τῆς
1061 2767 1308 2837 ἀθυμίας
1332 2766 1587 2836 ἀπάγων,
1625 2769 1720 2821 καὶ
1744 2765 1892 2821 ὑπο-

199 2858 332 2919 ψίας
359 2850 504 2908 εἶναι
529 2854 721 2920 πόρρω
749 2849 862 2903 των
890 2854 1175 2921 ἐσομένων
1202 2852 1660 2921 παρασκευάζων,
1688 2852 1891 2922 ἱερεύς,
