1916 3132
775 135 870 181 AE
877 132 1156 181 YTEPON
1754 130 1783 184 7
1794 131 1819 182 1

121 275 246 345 ἄγει
280 293 349 344 με
383 271 515 342 παρ’
545 268 738 340 αὐτόν,
783 270 878 324 καὶ
915 271 1173 324 δείκνυσι
1200 269 1412 342 κόρην,
1452 267 1742 338 ἀμήχανόν
1768 289 1823 323 τι

123 358 218 414 καὶ
242 357 535 428 δαιμόνιον
561 356 794 423 κάλλος,
831 352 906 425 ἣν
941 353 1111 417 αὐτὸς
1135 353 1239 423 μὲν
1266 353 1501 422 ἑπταετῆ
1528 354 1824 422 γεγονέναι

123 446 342 512 ἔλεγεν,
383 442 505 511 ἐμοὶ
540 442 602 496 δὲ
640 442 732 494 καὶ
760 438 880 511 (ὅρα
916 440 1100 509 γάμου
1127 439 1450 508 πλησιάζειν
1487 437 1677 509 ἐφ’κει·
1719 437 1820 492 οὕ-

122 547 230 590 τως
262 526 374 595 ἄρα
409 525 652 588 κάλλους
685 522 971 595 ὑπερβολή
1011 522 1104 577 καὶ
1149 524 1226 586 εἰς
1258 523 1536 591 μεγέθους
1575 526 1823 593 ἔμφασιν

73 634 94 666 5
124 613 284 683 φέρει
303 611 655 681 προσθήκην.
697 607 851 678 κάγώ
879 610 984 678 μὲν
1009 606 1221 678 ἀχανὴς
1241 608 1522 678 εἱστήκειν
1544 606 1745 678 ἀγνοίᾳ
1763 626 1824 660 τε

122 699 236 751 τῶν
259 697 573 765 γινομένων
607 694 700 748 καὶ
735 694 1020 766 ἀκορέστῳ
1055 695 1162 765 θέα
1192 697 1308 747 τῶν
1334 690 1660 764 ὁρωμένων,
1699 688 1731 746 ὃ
1757 692 1818 746 δὲ
1840 693 1904 746 31

121 779 353 851 ἄρχεται
388 780 575 849 λόγων
608 781 858 833 τοιῶνδε.

227 866 441 934 ταύτην
477 863 551 934 ἣν
590 863 752 936 ὁρᾷς,
793 863 943 932 ξένε,
985 867 1178 933 φησίν,
1217 861 1251 933 ἡ
1290 863 1395 932 μὲν
1432 864 1704 930 τεκοῦσα,
1746 860 1821 914 δι’

122 952 306 1004 αἰτίαν
342 945 416 1019 ἣν
439 948 631 1020 γνώσῃ
670 947 878 1018 μικρὸν
914 947 1186 1018 ὕστερον,
1229 949 1293 1002 ἐν
1331 944 1680 1018 σπαργάνοις
1707 945 1824 1010 ἐξέ-

50 1055 92 1090 10
122 1040 287 1102 θετο,
315 1036 485 1104 τύχης
511 1032 824 1105 ἀμφιβολία
850 1031 918 1087 τά
946 1031 1064 1087 κατ’
1100 1029 1279 1102 αὐτὴν
1308 1034 1683 1102 ἐπιτρέψασα,
1714 1028 1823 1100 ἐγω

123 1119 186 1173 δὲ
220 1117 556 1187 προστυχών
582 1117 887 1188 ἀνειλόμην
905 1138 915 1149 ·
967 1116 1101 1171 οὐδὲ
1126 1115 1236 1186 γάρ
1261 1110 1337 1186 ἦν
1361 1138 1456 1188 μοι
1490 1115 1727 1186 θεμιτὸν
1764 1116 1826 1170 ἐν

123 1204 373 1274 κινδύνῳ
410 1201 599 1272 ψυχὴν
643 1201 788 1266 ἅπαξ
838 1203 1690 1273 ε’νανθρωπήσασανὶπαριδεῖν.
1764 1202 1827 1254 ἓν

121 1287 229 1358 γὰρ
256 1289 350 1342 καὶ
386 1291 551 1341 τοῦτο
589 1287 956 1357 παράγγελμα
981 1290 1096 1340 τῶν
1128 1290 1366 1355 γυμνῶν
1402 1285 1532 1358 παρ’
1563 1286 1701 1356 ἡμῖν
1727 1300 1828 1340 σο-

123 1376 269 1441 φῶν,
298 1364 379 1427 ὧν
405 1370 685 1441 ἀκουστὴς
712 1368 857 1424 εἶναι
883 1372 1107 1441 χρόνοις
1133 1368 1341 1439 ὀλίγοις
1367 1370 1628 1442 πρόσθεν
1654 1370 1827 1441 ἠξίω-

51 1481 92 1515 15
121 1477 238 1526 μαι.
313 1458 408 1510 καὶ
447 1455 631 1519 ἄλλως
667 1457 761 1510 καὶ
799 1455 861 1509 τὸ
909 1457 1139 1510 παιδίον
1178 1453 1425 1509 αὐτόθεν
1463 1456 1602 1525 μέγα
1639 1476 1692 1509 τι
1730 1456 1825 1509 καὶ

121 1549 286 1597 θεῖον
322 1544 437 1595 τῶν
475 1539 795 1610 ὀφθαλμῶν
835 1540 1169 1610 ἐξέλαμπεν·
1233 1538 1382 1593 οὕτω
1421 1560 1517 1610 μοι
1554 1554 1825 1608 περισκο-

122 1630 325 1681 ποῦντι
349 1626 561 1695 γοργόν
587 1645 647 1678 τε
672 1625 765 1679 καὶ
802 1626 1095 1695 ἐπαγωγὸν
1124 1624 1321 1678 ἐνεῖδε.
1383 1626 1734 1689 συνεξέκειτο
1762 1625 1825 1678 δὲ

123 1709 275 1783 αὐτῷ
322 1710 416 1763 καὶ
465 1713 648 1764 λίθων
695 1709 891 1781 ὅρμος,
943 1707 1010 1763 ὃν
1048 1708 1253 1779 ἀρτίως
1291 1709 1690 1777 ἐπεδείκνυον,
1730 1708 1826 1762 καὶ

123 1798 311 1850 ταινία
336 1815 418 1858 τις
443 1792 553 1848 ἀπὸ
579 1800 818 1865 σηρικοῦ
854 1795 1100 1865 νήματος
1137 1793 1525 1865 ε’ξυφασμένη,
1564 1794 1827 1864 γράμμα-

51 1907 94 1940 20
125 1896 220 1934 σιν
247 1879 537 1949 ἐγχωρίοις
561 1880 653 1933 καὶ
682 1881 982 1950 διηγήματι
1007 1884 1123 1934 τῶν
1149 1877 1290 1933 κατὰ
1314 1878 1418 1949 τὴν
1451 1880 1626 1933 παῖδα
1652 1881 1827 1932 κατά-

123 1981 369 2034 στικτος,
396 1967 494 2034 τῆς
518 1965 752 2034 μητρός,
791 1962 976 2034 οἶμαι,
1005 1965 1264 2034 σύμβολα
1289 1967 1467 2018 ταῦτα
1493 1962 1588 2018 καὶ
1612 1966 1826 2033 γνωρί-

123 2067 305 2119 σματα
342 2052 408 2120 τῇ
445 2048 588 2120 κόρῃ
627 2050 1187 2120 προμηθευσαμένης.
1252 2047 1395 2118 ἅπερ
1435 2046 1510 2112 ὥς
1548 2044 1824 2117 ἀνέγνων,

123 2135 306 2190 πόθεν
343 2134 406 2188 τέ
450 2134 570 2188 ἐστι
618 2134 711 2187 καὶ
749 2137 904 2197 τίνος
941 2137 1143 2204 ἔγνων,
1192 2135 1270 2198 είς
1307 2131 1486 2205 ἀγρόν
1523 2153 1583 2187 τε
1620 2135 1825 2201 κομίζω

125 2218 318 2323 πόρρω
346 2222 444 2288 τῆς
468 2219 683 2281 πόλεως
710 2217 1125 2289 ἀπῳκισμένον,
1161 2219 1256 2272 καὶ
1291 2219 1551 2289 ποιμέσιν
1579 2219 1827 2286 ἐμαυτοῦ

52 2330 96 2362 25
125 2304 356 2373 τρέφειν
381 2304 696 2371 παραδούς,
733 2304 933 2372 μηδενί
967 2323 1028 2357 τε
1054 2302 1287 2374 φράζειν
1315 2303 1721 2373 ἐπαπειλήσας,
1759 2301 1827 2355 τά

125 2386 539 2442 συνεκτεθέντα
577 2398 856 2457 κατεῖχον,
896 2391 998 2440 τοῦ
1037 2388 1111 2457 μή
1149 2408 1276 2442 τινα
1316 2386 1628 2458 ἐπιβουλήν
1663 2387 1827 2455 γενέ-

125 2479 263 2527 σθαι
301 2471 375 2526 δι’
403 2467 548 2526 αυτὰ
571 2476 639 2543 τῇ
666 2471 824 2543 κόρῃ.
875 2491 942 2525 τα
970 2492 1074 2540 μεν
1095 2466 1203 2526 οὖν
1229 2491 1426 2543 πρωτα
1451 2471 1630 2535 οὕτως
1658 2470 1827 2525 ἐλάν-

123 2563 331 2611 θανεν·
374 2557 495 2611 ἐπεὶ
522 2558 583 2610 δὲ
609 2560 710 2611 τοῦ
736 2557 946 2627 χρόνου
968 2558 1268 2626 προιόντος
1291 2558 1325 2627 ἡ
1355 2561 1456 2627 τῆς
1480 2557 1652 2626 κόρης
1678 2554 1825 2625 ἀκμὴ

126 2642 222 2694 καὶ
251 2644 503 2710 μείζονος
527 2641 678 2711 ω’ρας
718 2641 1054 2712 ἐφαντάζετο
1083 2647 1184 2696 τοῦ
1213 2642 1481 2706 εἰωθότος
1508 2640 1593 2710 (τὸ
1619 2641 1826 2702 κάλλος

53 2750 97 2785 80
128 2725 182 2779 δ’
211 2723 337 2780 οὐδ’
366 2723 440 2779 ἂν
465 2723 577 2780 ὑπὸ
612 2730 720 2795 γῆν
747 2726 1142 2796 κρυπτόμενον
1169 2729 1396 2795 ἔλαθεν,
1435 2724 1579 2780 ἀλλά
1605 2745 1701 2794 μοι
1727 2725 1826 2776 δο-

120 2811 222 2864 κεῖ
252 2807 361 2863 κᾶν
389 2808 612 2864 ἐκεῖθεν
649 2810 1038 2881 διεκλάμψαι),
1079 2811 1269 2874 δείσας
1305 2809 1378 2881 μὴ
1420 2810 1731 2881 φωτισθείη
1758 2805 1826 2860 τοὶ

127 2892 248 2948 κατ’
278 2891 476 2964 αὐτήν,
516 2892 610 2948 καὶ
647 2893 912 2949 ἀπόλοιτο
951 2895 1055 2965 μὲν
1094 2895 1263 2965 αὐτή,
1304 2893 1726 2963 παραπολαύσω
1766 2891 1833 2944 δέ
