1916 3132
130 80 207 132 52
793 83 1175 131 ΔΕΥΤΕΡΟΝ

135 219 322 319 ρ”ιπτει
364 220 427 272 δὲ
480 218 572 272 ἐπὶ
618 223 822 292 τοῦτον
858 218 1099 319 ἑαυτήν
1101 218 1167 295 ἡ
1179 222 1526 297 Χαρίκλεια.
1604 221 1697 273 καὶ
1733 221 1836 274 τὸν

133 302 319 357 ὕπνον
359 301 451 357 ἐπὶ
491 292 635 356 πολὺ
663 306 767 373 μὲν
796 293 1578 404 ἐπιφερόμενονδιωθοῦντο,
1617 302 1835 374 βουλήν

131 408 257 441 τινα
284 389 603 457 στήσασθαι
630 407 742 441 των
771 390 1073 456 παρόντων
1112 388 1552 458 ἐπιθυμοῦντες,
1590 393 1836 442 λιποθυ-

131 476 229 543 μία
268 472 329 526 δὲ
369 472 462 525 καὶ
501 470 694 534 πόνοις
735 471 1005 535 ἐνδόντες
1043 471 1268 541 φύσεως
1304 472 1458 541 νόμῳ
1485 471 1578 527 καὶ
1605 471 1837 536 ἄκοντες

132 559 452 626 ἐπείθοντο,
493 556 583 609 καὶ
625 553 765 624 πρὸς
803 554 912 626 ἡδὺ
952 561 1110 626 κεὸμα
1146 557 1239 610 διὰ
1263 555 1324 611 τό
1353 555 1714 626 ὑπερβάλλον
1739 561 1836 627 τῆς
1865 583 1885 615 5

132 641 313 711 λύπης
349 640 694 710 ω’λίσθησαν.
754 640 930 704 οὕτως
968 640 1076 709 ἄρα
1105 642 1237 695 ποτὲ
1266 641 1519 710 σώματος
1545 641 1717 696 πάθει
1743 644 1836 695 καὶ

135 725 197 780 τὸ
237 727 441 796 νοερὸν
480 728 577 794 τῆς
615 731 799 795 ψυχῆς
840 730 1249 795 συνομολογεῖν
1287 723 1562 797 ἠνέσχετο.

54 811 117 864 16
246 811 363 865 ἐπεὶ
389 809 451 863 δὲ
478 808 682 879 μικρὸν
709 810 1027 864 ἐσπάσαντο
1054 809 1259 880 ὕπνου,
1289 814 1383 865 καὶ
1409 813 1682 865 τοσοῦτον
1699 810 1837 864 ὅσον

133 894 200 949 τὰ
242 894 389 964 ἄκρα
427 900 542 948 τῶν
579 894 889 965 βλεφάρων
929 894 1249 964 ἐπιλεᾶναιζ
1279 900 1343 965 τῇ
1372 899 1679 967 Χαρικλείᾳ
1703 897 1838 966 τῇδε

132 981 464 1050 ξυγκειμένῃ
494 979 635 1049 ὄναρ
665 979 977 1049 ἐφοίτησεν.
1038 979 1183 1049 ἀνὴρ
1213 980 1319 1050 τὴν
1345 981 1527 1050 κόμην
1555 978 1836 1050 αὐχμηρὸς
1867 1010 1907 1043 10

132 1066 226 1118 καὶ
265 1066 326 1118 τὸ
374 1063 591 1133 βλέμμα
640 1061 1088 1134 ὑποκαθειμένος
1126 1066 1219 1118 καὶ
1257 1063 1359 1134 τὴν
1397 1075 1553 1135 χεῖρα
1592 1067 1834 1134 ἔναιμος,

136 1147 401 1218 ἐμβαλών
427 1147 488 1201 τὸ
517 1148 704 1218 ξίφος,
743 1149 841 1202 τὸν
869 1147 1175 1218 ὀφθαλμὸν
1201 1147 1344 1219 αὐτῇ
1372 1147 1471 1202 τὸν
1498 1147 1683 1214 δεξιὸν
1711 1148 1833 1220 ἐξῄ-

136 1252 294 1304 ρητο·
334 1232 372 1301 ὴ“
410 1233 473 1287 δὲ
514 1231 789 1304 άνέκραγέ
822 1255 881 1287 τε
920 1232 1140 1303 αὐτίκα,
1179 1237 1277 1287 καί
1287 1234 1372 1286 <οἱ
1397 1235 1497 1287 τὸν
1533 1231 1838 1302 ὀφθαλμὸν

135 1306 515 1388 άνηρπάσθαί
536 1319 779 1386 λέγουσα
818 1319 918 1372 τὸν
946 1319 1229 1388 Θεαγένην
1269 1319 1475 1372 ἐκάλει.
1539 1321 1633 1372 καὶ
1668 1316 1699 1371 ὃ
1733 1318 1838 1387 μὲν

134 1408 322 1473 παρῆν
349 1401 549 1456 αὐτίκα
574 1401 714 1472 πρὸς
739 1404 842 1471 τὴν
869 1407 1090 1472 κλῆσιν,
1124 1404 1218 1457 καὶ
1237 1401 1299 1456 τὸ
1327 1402 1510 1466 πάθος
1530 1402 1836 1472 ὑπερήλγει
1869 1433 1910 1465 15

135 1489 397 1555 καθάπερ
426 1488 520 1540 καὶ
545 1491 660 1540 τῶν
689 1489 979 1541 ἐνυπνίων
1007 1488 1559 1555 συναισθανόμενος·
1602 1486 1639 1557 ἢ
1664 1487 1725 1540 δὲ
1761 1489 1839 1558 τῷ

134 1593 193 1625 τε
218 1570 500 1643 προσώπῳ
528 1571 629 1640 τήν
656 1582 815 1641 χεῖρα
847 1573 1102 1640 ἐπέβαλε,
1140 1571 1232 1625 καὶ
1270 1571 1332 1626 τὸ
1357 1575 1523 1641 μέρος
1549 1570 1578 1625 ὃ
1605 1573 1746 1625 κατὰ
1773 1570 1836 1625 τὸ

137 1655 274 1724 ὄναρ
302 1655 596 1709 ἀπώλεσεν
633 1656 974 1725 ἐπαφωμένη
1013 1659 1302 1710 πάντοθεν
1343 1657 1604 1727 ἐπεζήτει.
1661 1653 1737 1720 ὥς
1774 1657 1835 1710 δὲ

135 1740 275 1811 ὄναρ
315 1732 589 1842 ἦνΜόναρ
630 1732 723 1809 ἦν
728 1742 970 1809 ἔλεγεν·
976 1744 1096 1809 ἐχω
1133 1740 1236 1794 τὸν
1263 1739 1587 1811 ὀφθαλμόν·
1629 1742 1836 1810 θάρσει

139 1823 457 1893 Θεάγενες,
463 1822 787 1878 άνέπνευσε
825 1824 966 1892 πρὸς
991 1823 1095 1893 τήν
1122 1823 1300 1894 άκοὴν
1335 1823 1364 1877 6
1394 1826 1701 1894 Θεαγένης,
1741 1823 1835 1878 καὶ
1864 1853 1906 1887 20

140 1910 204 1963 εὐ
238 1929 343 1978 μεν
378 1909 636 1976 ποιοῦσα,
678 1910 806 1978 ἔφη,
846 1910 944 1971 τὰς
979 1906 1213 1978 ἡλιακὰς
1249 1908 1478 1973 ἀκτινας
1513 1907 1834 1976 άποσώζεις·

138 1997 197 2048 τί
216 1994 277 2047 δε
305 1996 374 2063 ήν
402 1992 431 2046 ὅ
456 2013 551 2061 μοι
577 1994 883 2060 πέπονθας,
912 1992 948 2062 ή
975 1996 1056 2055 τίς
1081 1992 1112 2063 ἡ
1141 2013 1326 2062 περι)
1296 1995 1358 2048 σὲ
1393 1998 1557 2047 πτοία
1576 1995 1834 2062 γέγονεν;

139 2077 287 2147 άνήρ
315 2075 611 2146 ὑβριστής,
652 2080 787 2146 ἔφη,
825 2079 918 2131 καὶ
945 2076 1291 2147 ἀτάσθαλος,
1320 2080 1411 2131 καὶ
1439 2077 1572 2132 οὐδὲ
1599 2075 1703 2147 τήν
1729 2076 1836 2147 σὴν

141 2162 357 2232 ἄμαχον
398 2163 728 2224 καταδείσας
765 2163 975 2233 ῥώμην,
1017 2164 1242 2233 κειμένῃ
1278 2183 1373 2231 μοι
1408 2161 1547 2233 πρὸς
1578 2171 1693 2225 τοῖς
1719 2171 1838 2225 σοῖς

141 2247 380 2315 γόνασιν
421 2244 765 2314 ἐπεκώμασεἡ
787 2247 1041 2318 ξιφήρης,
1082 2249 1175 2300 καὶ
1213 2245 1311 2300 τὸν
1349 2245 1650 2316 ὀφθαλμὸν
1677 2244 1835 2316 ᾤμην
1864 2274 1906 2306 25

143 2330 218 2393 ὣς
245 2330 418 2394 ἐξεῖλε
445 2329 543 2382 τὸν
570 2331 778 2395 δεξιόν’
819 2332 912 2385 καὶ
940 2337 1060 2385 εἴθε
1085 2352 1147 2400 γε
1174 2330 1324 2400 ὕπαρ
1350 2322 1441 2400 ἦν,
1469 2331 1564 2384 καὶ
1589 2332 1662 2402 μὴ
1693 2330 1834 2401 ὄναρ

144 2407 187 2468 ὦ
217 2416 492 2482 Θεάγενες
516 2412 579 2466 τὸ
606 2417 803 2483 φανέν.
851 2421 952 2469 τοῦ
979 2417 1044 2468 δὲ
1069 2414 1397 2485 εὐφήμησον
1424 2417 1704 2484 εἰπόντος,
1743 2415 1836 2470 καὶ

145 2498 287 2551 διότι
316 2502 484 2551 τοῦτο
511 2499 664 2567 λέγοι
690 2502 1149 2569 πυνθανομένου,
1178 2501 1322 2552 διότι
1346 2501 1569 2567 βέλτιον
1587 2495 1678 2569 ἦν,
1707 2502 1834 2570 ἔφη,

144 2585 392 2651 θατέρου
429 2603 497 2651 με
537 2586 647 2636 τῶν
688 2582 1002 2653 ὀφθαλμῶν
1042 2585 1424 2652 ἐλαττωθῆναι
1458 2581 1599 2654 ἥπερ
1629 2586 1721 2638 ἐπὶ
1746 2586 1837 2638 σοὶ

147 2670 482 2738 φροντίζειν.
535 2664 608 2730 ὦς
635 2669 857 2737 σφόδρα
885 2669 1109 2722 δέδοικα
1135 2667 1207 2736 μὴ
1236 2669 1314 2729 εἰς
1338 2667 1399 2721 σὲ
1425 2672 1578 2739 τείνῃ
1605 2667 1667 2722 τὸ
1698 2668 1832 2722 ἐνύ-
1862 2695 1904 2728 30

148 2771 335 2820 πνιον,
375 2749 443 2804 ὃν
470 2749 769 2821 ὀφθαλμὸν
798 2753 902 2820 ἐγώ
932 2754 1026 2805 καὶ
1052 2751 1240 2820 ψυχὴν
1266 2755 1359 2805 καὶ
1383 2756 1568 2807 πάντα
1596 2753 1837 2822 ἐμαυτῆς

150 2838 470 2905 πεποίημαι.
529 2839 759 2903 παῦσαι,
801 2841 993 2905 ἔλεγεν
1019 2834 1047 2890 ὁ
1073 2838 1346 2907 Κνήμων·
1389 2837 1698 2908 ἐπηκροᾶτο
1725 2835 1834 2906 γὰρ
