1916 3132
0 0 26 15 J
71 0 99 26 o
419 0 426 4 -
474 0 484 7 -
664 0 686 15 ν
799 0 816 24 l

809 108 1107 157 ΠΡΩΤΟΝ
1775 99 1807 151 9

113 253 313 322 ἱμάντα
338 253 453 304 τῶν
479 250 720 317 σφυρῶν
747 244 983 312 ἐξάψας,
1025 243 1162 298 ὅσον
1203 241 1292 295 ἐπ’
1335 239 1512 308 ἄκρου
1538 243 1640 293 τοῦ
1667 238 1806 293 σκά-

111 356 256 407 φους
291 330 327 404 ἦ
363 338 461 402 τῆς
498 314 723 395 καλιάςκ
732 332 1066 400 προβαίνειν
1107 329 1405 394 ἐπέτρεψε,
1446 323 1645 377 καινόν
1684 344 1808 376 τινα

110 415 458 491 χειραγωγὸν
486 413 637 487 αὐτῷ
662 414 762 468 τὸν
788 413 998 484 δεσμὸν
1024 417 1126 468 τοῦ
1156 413 1332 474 ποδὸς
1360 410 1675 479 ἐπιστήσας.
1717 411 1814 491 καί
1838 409 1870 461 6

111 505 222 559 πού
248 493 342 566 τις(
365 501 643 571 βουκόλος
670 499 814 570 ἀνὴρ
844 500 1042 569 ἐτέχθη
1069 518 1128 552 τε
1167 499 1230 552 ἐν
1255 500 1323 567 τῇ
1368 498 1534 565 λίμνῃ
1562 493 1655 546 καὶ
1680 492 1833 561 τρο-’”

65 612 84 646 5
114 588 226 659 φόν
266 591 391 658 ἔσχε
427 585 664 655 ταύτην,
716 587 809 639 καὶ
847 585 1090 655 πατρίδα
1139 581 1243 652 την
1282 585 1489 651 λίμνην
1531 578 1807 646 ἐνόμισεν.
1871 614 1874 616 -

114 672 277 743 ἱκανὴ
305 673 367 726 δὲ
394 671 677 743 φρούριον
703 664 936 739 ι’σχυρόν
965 665 1108 722 εἶναι
1136 671 1381 740 λῃσταῖς.
1435 662 1523 718 διὸ
1551 662 1644 716 καὶ
1672 677 1812 732 συρ-

114 769 204 830 ρεῖ
226 757 318 814 ἐπ’
346 755 524 826 αὐτὴν
551 753 579 809 ὅ
603 758 858 819 τοιοῦτος
883 757 1023 823 βίος,
1051 758 1129 825 τῷ
1156 754 1259 823 μὲν
1284 750 1450 804 ὕδατι
1477 749 1681 811 πάντες
1708 745 1812 800 ὅσα

111 847 278 913 τείχει
316 843 623 911 χρεόμενοι,
663 841 764 895 τὸν
804 841 864 893 δὲ
902 837 1088 892 πολύν
1127 835 1268 891 κατὰ
1306 834 1368 889 τὸ
1406 837 1531 898 ἕλος
1558 836 1813 900 κάλαμον

113 926 237 983 ἀντὶ
274 908 1189 997 χαρακώματοςὶπροβεβλημένοι·
1243 920 1473 983 σκολιὰς
1510 919 1620 989 γάρ
1659 937 1815 979 τινας

44 1035 83 1070 10
113 1007 397 1081 ἀτραπούς
433 1012 731 1081 τεμόμενοι
768 1008 861 1063 καὶ
900 1011 1128 1072 πολλοῖς
1167 1007 1411 1076 ἑλιγμοῖς
1457 1002 1816 1072 πεπλανημέ-

119 1118 248 1165 νας,
287 1095 382 1150 καὶ
407 1100 568 1166 σφίσι
595 1095 700 1165 μὲν
736 1091 828 1148 διὰ
854 1093 958 1163 τὴν
983 1098 1198 1162 γνῶσιν
1227 1092 1468 1163 ῥᾴστους
1492 1098 1608 1151 τοῖς
1635 1089 1666 1140 δ
1676 1086 1688 1106 '
1716 1086 1815 1139 ἄλ-

122 1187 239 1246 λοις
277 1180 527 1249 ἀπόρους
563 1178 696 1243 τούς
735 1180 1035 1241 διέκπλους
1072 1176 1622 1240 κατασκευάσαντες,
1663 1172 1817 1242 μέγι-

119 1282 256 1322 στον
295 1264 557 1335 ὀχύρωμα
596 1261 739 1332 πρὸς
775 1262 838 1318 τὸ
876 1264 949 1334 μὴ
978 1262 1051 1315 ἄν
1085 1283 1138 1315 τι
1177 1266 1387 1315 παθεῖν
1414 1258 1470 1323 ἐξ
1512 1259 1819 1325 ἐπιδρομῆς

117 1351 554 1423 ἐμηχανήσαντο.

47 1457 87 1490 15
224 1437 317 1490 καὶ
354 1432 421 1490 τά
461 1435 565 1505 μὲν
604 1432 743 1488 κατὰ
781 1431 884 1502 τὴν
923 1436 1127 1501 λίμνην
1164 1431 1257 1485 καὶ
1296 1428 1429 1491 τούς
1457 1428 1818 1488 ἐνοικοῦντας

118 1519 262 1591 αὐτῇ
288 1521 606 1590 βουκόλους
640 1511 753 1572 οἶδέ
787 1537 903 1581 πως
930 1519 1064 1586 ἔχει·
1121 1515 1227 1586 ἤδη
1256 1516 1316 1570 δὲ
1353 1513 1519 1584 ἡλίου
1545 1513 1686 1581 πρὸς
1712 1512 1818 1563 δυ-
1847 1513 1876 1564 7

70 1645 77 1659 .
119 1606 261 1677 σμὰς
286 1604 468 1667 ἰόντος
485 1602 862 1673 ἀφικνοῦνται
892 1601 981 1656 ἐπ’
1011 1598 1265 1670 αὐτήνοῐ
1284 1598 1428 1668 ἀμφὶ
1446 1599 1549 1653 τὸν
1569 1598 1814 1670 λῄσταρ-

119 1710 235 1760 χον.
290 1691 383 1743 καὶ
421 1691 481 1743 οἳ
510 1689 614 1757 μὲν
649 1693 764 1741 τῶν
793 1707 850 1740 τε
877 1687 1066 1739 ἵππων
1093 1684 1432 1754 ἀπεβίβαζον
1466 1683 1599 1746 τούς
1632 1684 1814 1750 νέους,

119 1766 219 1828 καῖ
251 1776 354 1845 τὴν
393 1776 551 1827 λείαν
591 1772 912 1826 ἐνετίθεντο
959 1780 1074 1833 τοῖς
1112 1770 1417 1838 σκάφεσιν·
1453 1765 1505 1842 ῥ
1535 1769 1595 1821 δὲ
1635 1763 1815 1828 πολὺς

15 1885 19 1888 ·
48 1878 89 1912 20
119 1863 233 1914 τῶν
261 1856 400 1913 κατὰ
417 1857 608 1928 χώραν
627 1856 944 1928 μεινάντων
967 1859 1190 1926 λῃστῶν
1211 1853 1427 1935 Qgff,
1457 1843 1627 1915 ἀλλος
1647 1851 1818 1905 ἅλλο-

120 1950 228 1998 θεν
254 1948 356 1998 τοῦ
385 1942 547 2007 ἕλους
586 1941 755 2004 ἐκδύς
780 1940 1138 2010 ἀνεφαίνετο,
1155 1938 1263 1993 ’καὶ
1291 1940 1572 1992 συνέθεον
1599 1938 1692 1990 καὶ
1717 1937 1819 1989 τὸν

122 2031 439 2101 λῄσταρχον
465 2026 639 2082 οἱονεὶ
661 2028 895 2096 βασιλέα
921 2024 1047 2079 τινά
1070 2025 1288 2078 ἑαυτῶν
1309 2024 1819 2091 προσΐαπίαντῶντες

121 2112 473 2181 ὑπεδέχοντο.
534 2116 648 2165 τῶν
687 2112 748 2164 δὲ
787 2111 1066 2180 λαφύρων
1091 2107 1154 2164 τὸ
1182 2112 1402 2178 πλῆθος
1428 2105 1695 2177 ὁρῶντες,
1726 2106 1818 2158 καὶ

123 2200 184 2252 τὸ
213 2197 420 2259 κάλλος
443 2200 542 2264 τῆς
579 2196 748 2264 κόρης
772 2195 1079 2249 θεσπέσιόν
1105 2214 1156 2247 τι
1190 2197 1375 2263 χρῆμα
1402 2193 1820 2259 περισκοποῦν-

0 2327 28 2354 st
51 2298 239 2351 ἳῡτες,
291 2281 412 2351 ίερά
460 2301 585 2334 τινα
634 2276 667 2349 ἢ
714 2279 887 2342 ναοὺς
924 2278 1318 2348 πολυχρύσους
1355 2276 1822 2344 ἀποσεσυλῆσθαι

123 2364 274 2437 παρά
301 2368 415 2420 τῶν
441 2363 762 2435 ὁμοτέχνων
797 2361 1221 2433 ὑπελάμβανον,
1252 2361 1732 2432 προσαφῃρῆσθαι
1750 2360 1820 2411 δὲ

127 2452 219 2506 καὶ
244 2448 347 2521 τὴν
375 2451 582 2519 ἱέρειαν
609 2443 809 2518 αύτήν,
839 2447 874 2517 ἢ
900 2447 991 2502 καὶ
1016 2446 1152 2501 αὐτὸ
1180 2451 1436 2517 ἔμπνουν
1461 2451 1735 2515 μετῆχθαι
1756 2443 1819 2497 τὸ

124 2534 344 2606 ἄγαλμα
370 2532 462 2588 διὰ
489 2539 587 2603 τῆς
623 2535 794 2604 κόρης
819 2530 917 2586 ὑπ’
946 2531 1237 2601 ἀγροικίας
1274 2537 1517 2598 εἴκαζον·
1559 2532 1651 2584 καὶ
1678 2535 1816 2584 πολ-

125 2619 195 2673 λά
235 2619 333 2674 τὸν
372 2618 688 2690 λῄσταρχον
724 2622 821 2687 τῆς
857 2617 1245 2686 ἀνδραγαθίας
1285 2615 1697 2686 εὐφημοῦντες,
1730 2615 1821 2668 ἐπὶ

54 2719 95 2753 30
124 2703 227 2774 τὴν
254 2708 476 2772 οἴκησιν
503 2700 677 2755 αὐτοῦ
703 2704 1082 2771 παρέπεμπον.
1122 2701 1161 2772 η’
1188 2703 1249 2756 δὲ
1275 2703 1534 2771 νησίδιον
1559 2695 1634 2769 ἦν
1661 2698 1818 2753 ἄπω-

89 2781 91 2785 Α
125 2794 232 2842 θεν
257 2791 368 2842 τῶν
396 2785 613 2855 ἄλλων,
652 2788 727 2850 εἰς
766 2788 1118 2855 καταγώγιον
1143 2787 1298 2858 μόνῳ
1335 2785 1446 2839 σὺν
1474 2783 1680 2852 ὀλίγοις
1707 2791 1822 2844 τοῖς

126 2873 254 2940 περὶ
281 2870 454 2926 αὐτὸν
479 2869 946 2941 ἀποτετμημένον.
1001 2874 1252 2925 ἐνταῦθα
1279 2869 1354 2932 ὣς
1379 2869 1631 2937 κατήχθη
1648 2908 1661 2934 ,
1690 2865 1822 2927 τοὺς
