1916 3132
16 0 53 35 s‹'.·.
93 0 679 57 fff»1··²‘⁶”-s·⁹(fd³=·⁷“⁷⁶‘⁶
716 0 865 47 177
1232 0 1238 2 ·
1580 0 1605 25 ι-
1643 0 1661 11 ⁷
1687 0 1768 7 ''⁷''
1870 0 1916 40 ,Ἀ

167 84 266 138 138
833 88 1203 136 ΠΕΜΠΤΟΝ

164 223 336 291 φύσει
362 223 623 293 θαλάσσῃ
660 224 1094 294 προστυχόντας.
1159 228 1262 278 τοῦ
1296 227 1357 279 δὲ
1383 228 1695 296 Κνήμωνος
1719 227 1858 296 μηδὲ

162 311 327 361 τοῦτο
353 311 692 376 παραλιπεῖν
728 307 1047 376 ἀξιοῦντος,
1087 308 1226 362 ἀλλὰ
1264 309 1494 378 φράζειν
1531 314 1587 364 εἴ
1603 330 1730 365 τινα
1756 331 1857 365 κα-

162 393 548 462 ταμεμαθήκοι
585 397 684 461 τῆς
724 392 1166 463 ἐπιπολαζούσης
1213 399 1288 464 τῷ
1326 397 1479 465 τόπῳ
1518 396 1857 465 τραχύτητος

163 478 365 545 αἰτίαν,
392 478 454 531 τό
484 478 750 545 πέλαγος,
789 480 896 547 ἔφη
910 487 929 546 ,λ
964 476 1026 531 τὸ
1059 478 1253 531 Ἰόνιον
1282 478 1344 531 ἐκ
1370 482 1580 548 πολλῆς
1606 478 1857 550 εὐρυχω-

163 565 285 630 ρίας
323 563 575 616 ἐνταῦθα
614 562 1020 630 στενούμενον,
1063 564 1155 615 καὶ
1194 563 1452 631 καθάπερ
1493 562 1585 617 διὰ
1623 568 1853 633 στομίου
1882 585 1902 618 5

160 644 312 709 τινὸς
350 648 427 709 εἰς
463 645 563 700 τὸν
601 650 914 715 Κρισσαϊον
953 647 1165 700 κόλπον
1195 649 1568 717 εἰσχεόμενον,
1611 648 1861 718 ἐπιμῖξαί

159 750 220 784 τε
259 730 398 800 πρὸς
435 731 538 800 τὴν
565 733 812 800 Αἰγαίαν
849 732 1148 785 θάλασσαν
1189 733 1573 800 ἐπειγόμενον,
1614 730 1726 786 ὑπὸ
1751 736 1854 786 τοῦ

160 819 642 885 Πελοποννησίων
665 815 894 885 Ἰσθμοῦ
916 820 1012 885 τῆς
1039 816 1231 883 πρόσω
1256 820 1436 885 φορᾶς
1462 815 1854 887 ἀνακόπτεται,

161 903 479 970 προμηθείᾳ
515 900 875 969 κρειττόνων,
905 897 977 963 ὥς
1004 903 1206 969 ἔοικεν,
1238 900 1538 954 ἐπικλύσαι
1565 899 1668 970 τὴν
1693 899 1854 954 ἄντί-

159 989 334 1037 θετον
360 987 616 1054 προβολῇ
641 988 741 1037 τοῦ
770 983 1004 1053 αὐχένος
1023 983 1519 1053 άποτειχιζόμενον.
1560 983 1666 1039 κάκ
1686 987 1852 1039 τοῦδε
1884 1005 1916 1040 ιε

162 1062 606 1138 παλιρροίαςῖοὸς
643 1068 704 1121 τὸ
746 1068 892 1131 εἰκὸς
929 1070 1226 1138 γινομένης
1265 1070 1357 1122 καὶ
1383 1069 1512 1136 περὶ
1549 1071 1716 1123 τόνδε
1753 1068 1853 1123 τὸν

159 1152 422 1222 πορθμὸν
461 1155 632 1206 πλέον
667 1152 703 1221 ἢ
739 1155 878 1206 κατὰ
913 1151 1012 1205 τὸν
1048 1152 1227 1206 ἄλλον
1253 1154 1466 1206 κόλπον
1492 1156 1850 1222 θλιβομένης,

157 1241 261 1291 τοῦ
310 1237 664 1306 ἐπιρρέοντος
710 1240 789 1291 ἐτι
835 1241 910 1306 τῷ
957 1236 1322 1306 άνατρέχοντι
1371 1237 1640 1300 πολλάκις
1691 1238 1853 1306 ἐμπί-

158 1341 420 1389 πτοντος,
470 1322 729 1390 βρασμόν
776 1341 835 1374 τε
874 1326 1015 1389 ἴσχει
1053 1320 1115 1374 τὸ
1156 1321 1313 1391 ὕδωρ
1353 1323 1447 1375 καὶ
1485 1325 1635 1390 κῦμα
1674 1325 1850 1390 φλεγ-

156 1415 361 1474 μαῖνον
389 1405 617 1475 ἐγείρει,
646 1405 786 1474 πρὸς
805 1409 902 1474 τῆς
931 1406 1258 1470 άντιτυπίας
1280 1408 1357 1469 εἰς
1387 1406 1653 1459 κλύδωνα
1673 1425 1849 1475 κορυ-
1882 1427 1916 1461 15

158 1491 462 1560 φούμενον.

265 1576 356 1628 ε’πὶ
381 1573 600 1637 τούτοις
637 1575 842 1641 κρότου
877 1576 1188 1643 γενομένου
1215 1577 1308 1628 καὶ
1337 1576 1573 1629 ἐπαίνου
1599 1575 1712 1628 τῶν
1737 1594 1851 1629 πα-

159 1648 600 1728 ρόντωνάληθῆ
639 1656 782 1711 εἶναι
817 1661 1262 1728 μαρτυρούντων
1297 1659 1403 1730 τὴν
1428 1661 1632 1729 αἰτίαν,
1669 1657 1699 1714 ὁ
1726 1664 1852 1713 Κα-

157 1744 376 1810 λάσιρις
402 1734 896 1818 εζχετοωτρξνῌέξῇςζ
936 1741 1350 1812 ὑπερβαλόντες
1376 1744 1470 1813 δή,
1512 1747 1710 1813 λέγων,
1747 1744 1850 1798 τὸν

156 1828 421 1895 πορθμὸν
447 1826 540 1879 καὶ
561 1827 771 1896 νήσους
792 1825 996 1891 Ὀξείας
1016 1826 1470 1896 άποκρύψαντες,
1499 1827 1603 1896 τὴν
1623 1833 1851 1897 Ζακυν-
1878 1848 1916 1882 20

154 1915 304 1965 θίων
330 1911 513 1979 ἄκραν
535 1920 883 1977 προσκοπεῖν
904 1910 1358 1981 άμφεβάλλομεν,
1381 1911 1569 1981 ὥσπερ
1591 1909 1876 1982 άμυδρόν3

156 2016 208 2050 τι
234 1997 405 2064 νέφος
439 1997 537 2058 τὰς
577 1994 731 2059 ὄψεις
758 1993 917 2065 ἡμῶν
942 1994 1406 2064 ὑποδραμοῶσαν.
1463 1993 1555 2049 καὶ
1583 1994 1612 2049 ὁ
1639 1999 1846 2066 κυβερ-

157 2081 327 2149 νήτης
351 2077 412 2132 τὸ
441 2081 622 2132 ἱστίον
648 2073 1388 2160 παραστέλλεινγέπέταττενζ
1425 2078 1586 2150 ἡμῶν
1612 2082 1674 2133 δὲ
1700 2099 1847 2133 πυν-

154 2166 492 2233 θανομένων
528 2162 620 2215 διὰ
646 2167 704 2216 τί
730 2164 1010 2231 παραλύει
1044 2164 1107 2217 τὸ
1136 2165 1466 2233 ῥόθιον“τῆς
1491 2163 1630 2228 νεώς
1656 2163 1844 2233 οὐριο-

156 2250 504 2352 δρομούσης,
536 2246 645 2315 ὅτι,
676 2251 811 2317 ἔφη,
839 2252 1146 2319 πλησιστίςο
1172 2248 1449 2317 χρώμενοι
1474 2253 1549 2319 τῷ
1570 2251 1853 2320 πνεύματι(
1874 2267 1916 2300 25

155 2331 285 2401 περὶ
310 2332 540 2401 πρώτην
566 2331 640 2384 ἄν
661 2331 926 2401 φυλακὴν
953 2337 1021 2402 τῇ
1047 2333 1202 2434 νη’σςο
1227 2336 1725 2402 προσορμίσαιμεν,
1753 2333 1847 2386 καὶ

156 2419 280 2480 δέος
316 2413 681 2486 προσοκειλαι
719 2420 1016 2480 σκοταίους
1053 2418 1242 2479 τόποις
1285 2399 1627 2484 ὑφάλοιςρτά
1664 2417 1846 2470 πολλὰ

155 2500 249 2553 και
275 2498 648 2569 κρημνώδεσι.
715 2500 891 2554 καλὸν
917 2495 1024 2554 οὖν
1053 2502 1488 2567 ἐννυκτερεῦσαι
1514 2522 1588 2554 τω
1615 2501 1845 2569 πελάγει

155 2583 248 2638 καὶ
303 2583 394 2638 τὸ
423 2589 644 2652 πνεῦμα
701 2583 1017 2654 ὑφειμένως
1079 2586 1368 2653 δέχεσθαι,
1425 2587 1845 2654 συμμετρουμέ-

154 2688 289 2731 νους
315 2668 452 2722 ὅσον
478 2665 551 2722 ἄν
577 2669 794 2737 γένοιτο
819 2668 1115 2737 αὔταρκες
1121 2667 1292 2739 ἑῴους
1308 2665 1450 2737 ἡμᾶς
1474 2672 1540 2738 τῇ
1567 2673 1638 2739 γῇ
1666 2683 1843 2736 προσ-
1872 2685 1916 2719 30

154 2754 409 2808 πελάσαι.

75 2840 136 2892 18
261 2841 435 2891 ταῦτα
455 2834 574 2891 εἶπε
596 2838 699 2906 μὲν
720 2834 1142 2907 ὄκυβερνήτης,
1165 2836 1269 2891 οὐκ
1291 2839 1510 2905 ἐγένετο
1531 2838 1593 2890 δὲ
1616 2829 1660 2891 ὦ
1681 2842 1843 2891 Ναυ-
