1916 3132
823 113 1089 162 TPITON
1738 111 1803 165 81

100 256 223 324 μών
265 250 625 321 ἐπιδινεύων,
674 251 849 321 ἔφερέ
879 270 940 305 τε
977 251 1071 304 καὶ
1111 251 1346 320 ἐφέρετο
1392 250 1804 320 γαυρούμενος,

100 336 299 408 εύήνιά
335 356 396 391 τε
432 337 811 406 προποδίζων,
851 336 946 389 καὶ
985 333 1081 406 ἐφ’
1110 334 1378 404 ἑκάτερον
1416 327 1574 404 ώμον
1603 335 1807 389 ἑαυτὸν

101 424 166 477 ἐν
201 422 358 493 μέρει
392 423 774 490 ταλαντεύων,
813 419 1002 489 ἄκραν
1039 439 1100 474 τε
1135 420 1240 490 τὴν
1278 419 1462 491 ὁπλὴν
1498 423 1566 490 τῇ
1603 424 1678 491 γῇ
1712 423 1803 474 λε-

98 504 242 561 πτόν
280 508 617 576 ἐπικροτῶν,
659 508 736 568 εἰς
772 506 1027 575 γαληνὸν
1064 508 1273 576 κίνημα
1310 507 1373 559 τὸ
1412 509 1566 575 βῆμα
1605 524 1806 573 κατερ-

49 611 70 644 5
99 592 386 662 ρύθμιζεν.
445 591 739 661 ἐξέπληττε
776 591 882 659 μὲν
920 589 988 660 δὴ
1030 592 1124 644 καὶ
1163 591 1377 654 πάντας
1413 589 1482 644 τοὶ
1521 588 1804 659 ὁρώμενα,

99 677 195 731 καὶ
211 675 324 747 τὴν
351 679 683 748 νικητήριον
709 674 974 744 ἀνδρείας
997 695 1059 729 τε
1084 677 1178 729 καὶ
1213 676 1459 740 κάλλους
1496 679 1693 766 (ρῇφρν
1728 679 1804 745 τῷ

98 735 541 833 νεανίαμπάντες
571 759 879 831 ἀπένεμον·
918 758 1025 831 ἤδη
1054 762 1116 814 δὲ
1143 761 1271 815 ὅσαι
1299 761 1575 830 δημώόῗις
1601 769 1806 829 γυναῖ-

102 866 196 911 κες
220 847 315 900 καὶ
339 842 403 901 τὸ
429 851 528 916 τῆς
553 850 734 916 ψυχῆς
763 850 950 910 πάθος
978 848 1275 918 ἐγκρατείᾳ
1295 847 1568 914 κρύπτειν
1588 844 1806 899 άδύνα-

97 952 203 1002 τοι,
237 932 437 1002 μήλοις
462 952 522 987 τε
548 933 642 986 καὶ
668 931 911 986 ἄνθεσιν
937 934 1197 1000 ἔβαλλον,
1242 930 1541 1000 εὐμένειαν
1577 929 1672 985 ἀπ’
1701 928 1807 984 αὐ-

30 1033 73 1067 10
102 1020 203 1071 τοῦ
238 1016 388 1086 τινά,
428 1015 502 1082 ὦς
539 1016 799 1086 ἐδόκουν,
840 1017 1231 1086 ἐφελκόμεναι.
1296 1020 1482 1087 κρίσις
1517 1015 1626 1086 γὰρ
1665 1014 1807 1085 αὕτη

95 1105 194 1170 μία
231 1099 383 1173 παρὰ
424 1108 596 1156 πᾶσιν
636 1102 994 1171 ἐκρατύνετο,
1034 1102 1108 1172 μὴ
1148 1100 1222 1155 ἂν
1271 1105 1529 1171 φανῆναί
1571 1122 1625 1154 τι
1674 1105 1803 1155 κατ’

96 1185 438 1255 ἀνθρώπους
473 1183 506 1240 ὃ
542 1184 604 1240 τὸ
646 1188 966 1257 Θεαγένους
996 1185 1409 1257 ὑπερβάλλοιτο
1449 1186 1670 1250 κάλλος.

195 1265 336 1342 ἦμος
369 1271 425 1325 δ’
451 1270 737 1342 ἠριγένεια
776 1273 928 1342 φάνη
956 1272 1372 1343 ῥοδοδάκτυλος
1394 1269 1509 1340 ἠώς
1535 1270 1805 1341 (Ὅμηρος
1831 1274 1867 1325 4

97 1355 171 1410 ἄν
200 1353 399 1426 εἶπεν),
442 1355 562 1410 ἐπεὶ
600 1357 663 1409 δὲ
701 1361 802 1410 τοῦ
839 1356 947 1411 νεώ
986 1361 1084 1426 τῆς
1117 1356 1433 1426 Ἀρτέμιδος
1469 1357 1743 1426 ἐξήλασεν
1768 1353 1803 1425 ἡ

29 1455 71 1490 ¹5
101 1439 243 1511 καλὴ
280 1443 375 1494 καὶ
401 1441 549 1512 σοφὴ
579 1445 905 1511 Χαρίκλεια,
933 1442 1058 1496 τότε
1086 1440 1169 1495 ὅτι
1196 1443 1290 1495 καὶ
1318 1442 1611 1511 Θεαγένην
1633 1438 1806 1511 ἡττη-

95 1529 277 1597 θῆναί
309 1545 443 1580 ποτε
483 1528 734 1581 δυνατὸν
772 1516 1044 1596 ἔγνωμεν,
1085 1525 1211 1580 ἀλλ’
1249 1524 1563 1596 ἡττηθῆναι
1600 1531 1806 1580 τοσοῦ-

99 1630 199 1664 τον
219 1610 358 1664 ὅσον
378 1598 1041 1688 ἀκραιρπρςζγυναιρκεῖον
1061 1611 1268 1675 κάλλος
1288 1614 1392 1665 τοῦ
1412 1613 1643 1681 πρώτου
1666 1610 1802 1678 παρ’

99 1695 379 1771 ἀνδράσιν
417 1697 865 1765 ε’παγωγότερον.
899 1685 1087 1766 Ὀἦῑγετο
1125 1697 1230 1765 μὲν
1267 1695 1375 1765 γὰρ
1415 1689 1800 1766 ἔτῃῖμῖᾇῖαἱ

101 1784 195 1852 ξης
230 1775 343 1835 ὑπὸ
382 1771 941 1852 συνωρίδοςυλευκῆς
976 1784 1134 1850 βοῶν
1172 1780 1468 1851 ὀχουμένη,
1508 1784 1718 1850 χιτῶνα
1744 1781 1806 1834 δὲ

29 1888 72 1922 20
102 1865 354 1936 ἁλουργῆ
394 1866 614 1936 ποδήρη
653 1875 887 1935 χρυσαῖς
912 1866 1098 1920 άκτῖσι
1122 1867 1485 1921 κατάπαστον
1509 1865 1804 1936 ἠμφίεστο.

103 1952 285 2021 ζώνην
323 1951 385 2005 δὲ
426 1950 767 2022 ἐπεβέβλητο
807 1961 922 2015 τοῖς
958 1953 1214 2021 στέρνοις
1243 1948 1316 2022 ἣν
1342 1949 1371 2005 ὁ
1397 1953 1807 2021 τεχνησάμενος

105 2039 183 2100 εἰς
210 2035 436 2105 ἐκείνην
462 2034 525 2088 τὸ
550 2040 666 2090 πᾶν
691 2039 788 2106 τῆς
814 2036 1018 2091 ἑαυτοῦ
1043 2039 1237 2107 τέχνης
1262 2038 1641 2103 κατέκλεισεν,
1670 2035 1803 2090 οὔτε

104 2122 385 2190 πρότερόν
411 2140 463 2174 τι
489 2125 748 2175 τοιοῦτον
774 2121 1229 2192 χαλκευσάμενος
1255 2120 1389 2177 οὔτε
1427 2113 1596 2185 αὖθις
1629 2122 1804 2190 δυνη-

105 2207 356 2275 σόμενος.
397 2207 563 2259 δυοῖν
587 2205 695 2275 γάρ
723 2206 1063 2277 δρακόντοιν
1089 2206 1157 2261 τοὶ
1183 2208 1287 2276 μὲν
1313 2205 1517 2278 οὐραῖα
1534 2205 1673 2261 κατὰ
1693 2209 1807 2260 τών

37 2309 80 2344 25
109 2291 476 2360 μεταφρένων
516 2291 808 2360 ἐδέσμευε,
846 2289 977 2355 τοὺς
1015 2292 1076 2345 δὲ
1115 2291 1354 2361 αὐχένας
1389 2289 1499 2346 ὑπὸ
1531 2289 1666 2355 τοὺς
1698 2311 1807 2360 μα-

34 2371 35 2374 ¹
105 2372 232 2443 ζοῦς
256 2378 613 2445 παραμείψας
635 2378 730 2429 καὶ
759 2377 838 2439 είς
861 2375 1072 2446 βρόχον
1099 2374 1333 2431 σκολιὸν
1359 2378 1686 2445 διαπλέξας,
1713 2374 1806 2429 καὶ

105 2461 202 2524 τὰς
227 2460 479 2530 κεφαλὰς
513 2460 872 2531 διολισθῆσαι
908 2466 1010 2515 τοῦ
1047 2464 1259 2532 βρόχου
1299 2462 1695 2531 συγχωρήσας,
1734 2456 1808 2522 ὥς

107 2548 423 2614 περίττωμα
461 2549 562 2598 τοῦ
601 2547 813 2616 δεσμοῦ
853 2544 993 2599 κατὰ
1032 2545 1287 2613 πλευρὰν
1314 2547 1586 2615 ἑκατέραν
1613 2544 1805 2616 ἀπῃώ-

110 2643 299 2699 ρησεν.
356 2626 505 2694 εἶπες
539 2630 611 2684 ἂν
645 2628 778 2695 τους
813 2630 969 2699 ὄφεις
1004 2631 1073 2684 ού
1110 2633 1303 2686 δοκεῖν
1340 2631 1533 2700 ἕρπειν
1559 2629 1682 2684 ἀλλ’
1712 2629 1807 2698 ἕρ-

50 2731 94 2766 30
110 2729 257 2784 πεῖν,
298 2713 400 2783 οὐχ
434 2713 544 2768 ὑπὸ
578 2718 841 2787 βλοσυρῷ
875 2714 969 2770 καὶ
1004 2715 1211 2786 ἀπηνεῖ
1230 2721 1307 2789 τῷ
1333 2716 1604 2786 βλέμματι
1632 2717 1808 2782 φοβε-

110 2799 271 2868 ρούς,
319 2797 443 2854 ἀλλ’
485 2797 643 2872 ὑγρῷ
685 2802 902 2870 κώματι
950 2803 1411 2870 διαρρεομένους,
1461 2799 1649 2875 ὥσπερ
1697 2794 1807 2850 ὑπὸ

110 2883 376 2955 tofi-agave}
388 2885 469 2956 Χτὰ
498 2886 1021 2960 σ’ἱέρνα-,τῆςρκόρης
1048 2886 1242 2961 ἱμέρου
1277 2877 1804 2966 κῴατεΨΙ-αζομῇένους.

204 2989 420 3024 namon.
1437 2976 1510 3022 6·
