1916 3132
183 121 295 172 274
893 120 1056 164 Lmffl
1085 120 1149 164 XI
1881 0 1916 179 ἒ

186 261 270 294 res
309 242 366 294 in
404 241 655 311 ambiguo
696 241 858 293 stetit.
922 260 1045 293 nam
1082 259 1344 310 proxuma
1377 246 1531 296 nocte
1561 242 1679 295 uidi
1705 251 1864 312 q'uen-
1898 239 1906 243 ''

188 316 308 368 dam
349 315 411 368 de
451 315 688 383 sacratiS,
725 314 906 368 linteis
945 315 1212 385 iniectum,
1252 316 1344 385 qui
1382 316 1597 385 thyrsos
1627 319 1682 370 et
1709 315 1864 370 hede-

187 409 273 442 ras
320 393 374 442 et
425 389 646 441 tacenda
696 389 953 457 quaedam
999 407 1187 459 gerens
1210 402 1214 451 ξ
1234 390 1299 442 ad
1344 391 1489 459 ipsos
1534 408 1681 443 meos
1725 389 1864 444 lares

186 464 470 517 collocaret
508 467 562 515 et
599 466 855 532 occupato
895 463 1048 516 sedili
1085 483 1202 516 meo
1238 464 1512 534 religionis
1544 463 1749 534 amplae
1780 463 1864 517 de-

185 538 457 590 nuntiaret
494 537 690 606 epulas.
760 538 806 590 is
845 541 906 590 ut
944 538 1270 607 agnitionem
1308 538 1441 598 mihi
1479 538 1680 592 scilicet
1718 541 1861 591 certo
1906 561 1916 594 ε

187 613 365 681 aliquo
402 611 485 664 sui
517 611 670 680 signo
703 611 1145 680 subministraret,
1184 613 1387 665 sinistri
1417 613 1567 682 pedis
1598 611 1707 665 talo
1737 630 1876 681 pau-¹

185 686 355 738 lulum
380 686 969 738 reflexocunctabundo
1003 686 1287 739 clementer
1317 687 1593 740 incedebat
1619 685 1862 756 uestigia

185 759 397 812 sublata
434 763 516 812 est
554 776 680 829 ergo
693 763 842 838 (post
879 763 989 813 tam
1035 760 1370 813 manifestam
1419 750 1575 813 defim
1612 756 1863 812 'uolunta-

185 838 294 887 tem
307 837 323 892 ἵ)
346 834 713 903 ambiguitatis
763 837 879 886 tota
925 835 1094 904 caligo
1146 838 1199 887 et
1243 834 1365 887 ilico
1414 835 1538 888 deae
1583 834 1863 887 matutinis

183 908 434 978 perfectis
474 907 885 971 salutationibus
925 909 996 977 [p.
1015 908 1240 977 223.E.]
1289 927 1495 961 summo
1535 908 1711 961 studio
1748 926 1863 977 per·
1885 930 1916 964 ιι

185 983 439 1035 contabar
470 981 712 1052 singulos
732 975 898 1051 fecqui
928 983 1155 1052 uestigio
1187 982 1378 1035 similis
1410 983 1482 1035 sit
1513 981 1620 1051 [ut]
1653 982 1860 1035 somnii.

31 1079 56 1136 β’
82 1096 114 1107 a
184 1076 280 1110 nec
324 1057 457 1109 fides
508 1056 655 1108 afuit.
733 1075 856 1107 nam
908 1056 970 1108 de
1015 1055 1379 1125 pastophoris*
1400 1074 1566 1108 unum
1613 1056 1864 1125 conspexi

186 1131 369 1184 statim
408 1134 617 1199 praeter
657 1130 911 1182 indicium
950 1130 1099 1198 pedis
1131 1133 1304 1182 cetero
1337 1130 1496 1183 etiam
1529 1133 1673 1182 statu
1704 1133 1862 1199 atquc
1900 1176 1906 1179 ,

182 1205 371 1258 habitu
389 1197 1024 1258 examussim'nocturnae
1044 1204 1265 1274 imagini
1290 1207 1682 1274 congruentem,
1705 1221 1862 1273 quem

184 1279 434 1347 Asinium
472 1278 783 1331 Marcellum
829 1278 1050 1330 uocitari
1092 1279 1320 1348 cognoui
1362 1281 1568 1347 postea,
1614 1277 1861 1330 reforma.-
1885 1298 1916 1347 ις

182 1354 345 1406 tionis
384 1372 531 1416 meae
570 1370 674 1405 non
714 1353 943 1405 alienum
975 1371 1182 1405 nomen.
1243 1371 1339 1405 nec
1369 1355 1607 1404 moratus
1638 1351 1862 1404 conueni

183 1428 429 1497 protinus
469 1445 590 1479 eum
623 1445 747 1479 sane
779 1445 875 1479 nec
906 1427 1082 1495 ipsum
1113 1427 1281 1478 futuri
1314 1427 1570 1479 sermonis
1602 1426 1862 1496 ignarum,

184 1502 380 1571 quippe
420 1502 524 1553 iam
572 1501 770 1553 dudum
814 1501 1077 1553 consimili
1122 1503 1401 1570 praecepto
1450 1518 1720 1553 sacrorum
1764 1500 1860 1552 mi-

182 1576 578 1628 nistrandorum
642 1574 1132 1628 commonefactum.
1222 1593 1344 1626 nam
1406 1574 1509 1626 sibi
1570 1573 1718 1626 uisus
1780 1576 1861 1626 est

183 1650 361 1719 quiete
399 1650 657 1718 proxima,
697 1650 822 1700 dum
861 1666 1055 1718 magno
1095 1649 1191 1701 deo
1231 1667 1451 1701 coronas
1490 1650 1720 1716 exaptat,
1758 1647 1858 1717 [et]
1882 1660 1916 1719 ες

184 1724 246 1776 de
286 1724 399 1776 eius
439 1741 543 1791 ore,
584 1741 687 1791 quo
728 1723 1061 1792 singulorum
1098 1722 1210 1774 fata
1239 1723 1417 1791 dictat,
1456 1721 1679 1790 audisse,
1715 1721 1856 1773 mitti

184 1798 286 1850 sibi
325 1796 727 1865 Madaurensem
769 1797 860 1848 sed
899 1797 1182 1848 admodum
1221 1815 1522 1865 pauperem,
1560 1795 1645 1848 cui
1675 1795 1858 1848 statim
1911 1799 1916 1813 ⁴

183 1890 279 1924 sua
328 1889 477 1923 sacra
526 1871 740 1922 deberet
788 1871 1114 1938 ministrare,
1163 1871 1285 1922 nam
1333 1874 1386 1922 et
1433 1869 1516 1922 ilfi
1559 1869 1858 1922 studiorum
1908 1858 1916 1917 ξ

183 1946 409 2015 gloriam
442 1948 495 1997 et
523 1945 629 2012 i'p‘s‘i
658 1944 855 2014 grande
889 1944 1258 2012 compendium
1291 1943 1387 1995 sua
1417 1943 1711 2012 comparari
1739 1959 1857 2012 pro·
1909 1950 1916 1986 ἓ

182 2019 431 2072 uidentia.
507 2017 757 2070 XXVIII.
806 2018 870 2069 ad
909 2018 1071 2070 istum
1109 2018 1325 2069 modum
1366 2017 1657 2085 desponsus
1694 2001 1916 2090 sacrislzi

183 2096 493 2162 sumptuum
542 2092 798 2144 tenuitate
846 2095 1030 2144 contra
1081 2095 1269 2143 uotum
1315 2108 1491 2142 meum
1538 2089 1856 2143 retardabar.
1904 2091 1916 2171 ξ

181 2186 305 2219 nam
345 2170 398 2219 et
437 2159 1500 2235 uiriculas²‘patrimqnfflperegrinationis
1531 2163 1860 2216 adtriuerant

182 2242 450 2309 impensae
490 2244 543 2292 et
590 2238 947 2310 erogationes³
969 2239 1181 2291 urbicae
1219 2239 1461 2307 pristinis
1500 2237 1607 2289 illis
1627 2237 1856 2306 ’prouin-

183 2315 406 2367 cialibus
458 2314 786 2390 antistabant
834 2313 1138 2382 plurimum.
1223 2329 1359 2381 ergo,
1397 2311 1593 2364 duritia
1636 2329 1856 2380 pauper-
1895 2334 1898 2359 1

455 2391 717 2416 ²1²111-·‘.-,‹.
776 2391 883 2415 ‘f,„
953 2411 980 2415 ..

318 2479 340 2517 7
389 2473 689 2517 cuntabundo
736 2491 771 2530 φ
909 2478 962 2516 11
1011 2471 1147 2528 ecqui
1192 2470 1393 2527 uestigio
1443 2469 1608 2514 similis
1657 2469 1720 2514 sit
1761 2469 1854 2536 [ut]
1895 2493 1898 2501 v

182 2532 351 2577 somnii
381 2533 544 2588 scripsi
591 2532 660 2589 &q
690 2531 945 2588 uestigium
970 2531 1136 2575 similis
1169 2530 1230 2574 sit
1252 2532 1306 2574 ut
1338 2529 1566 2574 somnium
1596 2529 1678 2585 qu
1723 2541 1854 2583 eccui
1879 2547 1885 2550 ·

182 2594 311 2638 Stew.
361 2590 525 2647 ecquoi
558 2590 774 2648 S(auppe)
822 2590 952 2635 eccui
982 2590 1235 2657 qestigium
1267 2588 1417 2633 simile
1449 2588 1511 2632 sit
1541 2590 1595 2631 ut
1625 2586 1855 2631 somnium

185 2687 376 2695 ......
410 2650 460 2694 Ε.
516 2650 645 2693 eccui
683 2649 937 2708 uestigium
976 2649 1126 2692 simile
1166 2648 1228 2692 sit
1260 2648 1425 2691 somnii
1457 2648 1546 2691 Lu.
1669 2651 1724 2690 12
1760 2645 1853 2690 fide
1895 2651 1898 2653 ’

181 2711 266 2766 Fcp
320 2723 406 2754 nec
436 2709 476 2752 is
510 2708 661 2752 defuit
692 2711 761 2766 dg
867 2714 920 2752 13
954 2711 1130 2752 ceteros
1161 2707 1321 2763 Fcpffg
1423 2711 1477 2750 16
1507 2719 1601 2749 non
1631 2706 1736 2750 add.
1770 2705 1878 2750 Ur-'·

181 2771 311 2813 sinus
403 2768 580 2812 alinum
616 2767 720 2823 Fltp
822 2773 892 2811 20.
912 2773 964 2810 21
1007 2767 1094 2826 [et]
1135 2767 1305 2811 exclusi
1342 2767 1585 2822 exaptaret
1616 2764 1761 2808 Kron.
1793 2764 1851 2819 cf.
1879 2782 1889 2829 s

181 2858 331 2913 Luetj.
359 2872 407 2914 p.
442 2861 528 2900 495
569 2858 674 2900 adn.
732 2839 923 2914 exgptat
955 2858 1002 2900 et
1041 2873 1075 2911 φ
1169 2859 1223 2897 29
1262 2853 1559 2899 antistabant
1587 2849 1851 2910 plurimum.

179 2918 341 2972 scripsi
387 2915 692 2959 antistabant.
724 2914 975 2971 plurimum
1006 2914 1056 2959 Ε.
1880 2935 1882 2938 v
