1916 3132
186 59 295 112 122
891 61 1056 115 me
1086 63 1150 108 v1
1218 129 1223 133 .

176 201 336 252 quam
375 181 672 235 uolentium
711 185 1002 251 potuerunt
1040 186 1291 253 prodesse
1342 186 1631 256 suffragia?
1707 207 1866 258 quor·

175 275 295 309 sum
333 257 512 330 itaque
552 256 718 308 tantis
756 256 962 326 laqueis
1000 259 1207 312 inclusa
1255 260 1544 330 uestigium
1588 263 1862 334 porrigam

175 331 476 400 quibusque
516 330 672 383 tectis
713 331 801 383 uel
840 332 999 384 etiam
1031 334 1264 386 tenebris
1298 334 1608 388 abscondita
1637 355 1862 408 magnae

173 404 401 458 Veneris
470 404 808 458 ineuitabiles
879 406 1060 459 oculos
1131 408 1418 478 effugiam?
1463 442 1467 447 ·
1497 409 1626 478 quin
1693 411 1863 482 igitur

173 479 470 532 masculum
522 479 735 532 tandem
790 481 957 532 sumis
1005 481 1240 534 animum
1291 485 1345 534 et
1392 501 1569 536 cassae
1616 475 1916 553 speculae&

174 554 450 606 renuntias
488 553 701 606 fortiter
740 554 1130 608 6111111101166111
1169 560 1222 608 te
1256 556 1498 610 dominae
1530 561 1652 611 tuae
1683 559 1861 612 reddis

175 632 229 681 et
267 627 355 680 uel
395 621 516 680 seri}
548 622 816 680 modestia.
847 629 1143 683 saeuientes
1183 631 1414 699 impetus
1454 631 1567 684 eius
1605 633 1884 703 mitigas?

176 703 268 771 qui
301 702 436 754 scias
476 721 542 753 an
582 702 758 772 etiam⁷
798 721 955 771 quem
996 704 1085 756 diu
1126 705 1418 774 quaeritas,
1457 705 1569 758 illic
1608 707 1664 758 in
1703 707 1861 760 domo

83 798 86 800 ·
175 776 365 829 matris
403 776 727 845 repperies?’
784 777 860 829 sic
900 777 966 829 ad
1003 766 1311 830 indubiums
1326 779 1656 850 obsequium,
1695 781 1860 834 immo

174 851 241 903 ad
266 854 468 903 certum
495 851 716 902 exitium
740 849 1406 923 praeparatalprincipium
1436 853 1648 907 futurae
1679 873 1859 908 secum
1885 879 1916 911 κ

175 925 536 978 meditabatur
576 925 974 978 obsecrationis,

235 1057 238 1060 Α
285 998 378 1051 VI.
455 998 531 1050 At
568 998 752 1067 Venus
798 1000 1023 1052 terrenis
1074 1000 1322 1052 remediis
1369 1000 1734 1070 inquisitionis
1773 1002 1861 1067 ab÷

171 1091 343 1142 nuens
383 1073 586 1125 caelum
625 1073 774 1141 petit.
851 1074 999 1126 iubet
1046 1075 1284 1126 construi
1332 1093 1567 1144 currum,
1615 1075 1775 1144 quem*
1811 1075 1862 1129 ei

174 1147 449 1215 Vulcanus
489 1147 695 1199 aurifex
742 1147 928 1200 subtili
974 1147 1177 1200 fabrica
1222 1148 1458 1201 studiose
1503 1149 1768 1218 poliuerat
1806 1153 1861 1203 et

175 1226 296 1274 ante
350 1221 574 1274 thalami
626 1221 988 1274 rudimentum
1042 1222 1280 1291 nuptiale
1333 1241 1528 1275 munus
1579 1224 1860 1294 obtulerat,
1883 1248 1916 1282 ιε

172 1297 332 1349 limae
379 1296 649 1348 tenuantis
690 1296 1009 1348 detrimento
1050 1297 1394 1365 conspicuum
1434 1300 1487 1350 et
1527 1297 1598 1366 [p.
1627 1298 1745 1350 101.
1769 1298 1858 1367 Ε.]

174 1371 344 1439 ipsius
377 1370 493 1422 auri
532 1370 722 1422 damno
754 1371 1063 1438 pretiosum.
1127 1371 1189 1423 de
1220 1371 1406 1423 multis
1439 1389 1571 1440 quae
1603 1372 1743 1424 circa
1773 1390 1859 1424 cu·

171 1445 411 1497 biculum
452 1444 695 1496 dominae
735 1444 1008 1496 stabulant
1045 1445 1339 1513 procedunt
1385 1448 1638 1517 quattuor
1685 1446 1858 1498 candi-

100 1549 105 1551 -
173 1519 271 1571 dae
296 1519 570 1571 columbae
603 1521 656 1570 et
678 1514 864 1570 hilaris
889 1519 1183 1572 incessibus
1206 1519 1350 1588 picta
1381 1519 1518 1572 colla
1548 1523 1858 1588 torquentes
1913 1565 1916 1570 .

172 1593 361 1662 iugum
408 1610 709 1661 gemmeum
756 1593 988 1645 subeunt
1034 1596 1383 1662 susceptaque
1431 1593 1645 1646 domina
1688 1593 1858 1647 laetae
1881 1616 1916 1650 εκ

174 1666 476 1719 subuolant.
540 1684 753 1717 currum
786 1666 911 1718 deae
943 1671 1325 1736 prosequentes
1364 1668 1589 1737 gannitu
1606 1655 1859 1720 3601181ῑῶ-

172 1730 657 1810 penti‘slasciuiunt
702 1758 942 1808 passeres
989 1744 1043 1793 et
1082 1745 1285 1793 ceterae
1332 1759 1465 1810 quae
1505 1741 1657 1794 dulce
1696 1742 1859 1794 canti-

173 1818 293 1867 tant
332 1833 456 1866 aues
494 1813 699 1866 melleis
738 1813 970 1865 modulis
1009 1832 1172 1866 suaue
1210 1818 1519 1867 resonantes
1570 1815 1858 1868 aduentum

176 1889 303 1941 deae
334 1887 724 1957 praenuntiant.
781 1887 974 1940 cedunt
1012 1888 1180 1940 nubes
1212 1891 1264 1939 et
1298 1887 1514 1940 Caelum
1552 1888 1693 1941 filiae
1730 1907 1856 1957 pan-

174 1963 321 2015 ditur
373 1966 427 2015 et
473 1979 713 2014 summus
768 1961 949 2014 aether
1002 1980 1123 2013 cum
1177 1962 1370 2030 gaudio
1418 1962 1642 2030 suscipit
1691 1962 1857 2014 deam.
1881 1987 1916 2018 22

174 2056 272 2089 nec
327 2036 515 2088 obuias
562 2035 766 2104 aquilas
811 2035 901 2087 uel
945 2035 1222 2104 accipitres
1268 2054 1483 2104 rapaces
1527 2036 1859 2104 pertimescit

174 2128 402 2180 magnae
431 2109 657 2162 Veneris
698 2127 891 2161 canora
926 2109 1143 2161 familia.

287 2183 408 2237 VII.
448 2183 598 2235 Tunc
629 2202 684 2235 se
715 2183 962 2252 protinus
1001 2183 1068 2235 ad
1091 2182 1253 2249 huj}
1273 2182 1448 2252 regias
1488 2201 1632 2235 arces
1673 2183 1859 2254 dirigit

173 2262 230 2311 et
266 2259 440 2327 petitu
479 2257 706 2325 superbo
746 2256 999 2326 Mercuri,
1047 2257 1131 2309 dei
1177 2256 1378 2309 uocalis
1387 2299 1401 2326 ‚
1447 2275 1636 2325 operae
1682 2275 1856 2310 neces-

174 2333 371 2385 sariam
410 2350 626 2383 usuram
675 2331 926 2399 postulat.
1003 2349 1100 2383 nec
1144 2330 1358 2383 rennuit
1396 2329 1542 2383 Iouis
1588 2330 1857 2383 caerulum
1881 2353 1916 2385 sc

848 2497 851 2500 ·
1087 2485 1154 2508 m

290 2527 328 2565 1.
348 2526 373 2564 2
406 2534 625 2576 quorsum
646 2520 892 2575 Mercerus,
912 2519 963 2564 Ε.
996 2519 1187 2576 quosum
1205 2519 1241 2562 F
1273 2533 1363 2574 quo
1385 2534 1567 2563 rursum
1591 2521 1705 2576 q>6g
1743 2533 1857 2575 quo-

175 2596 280 2626 sum
295 2581 365 2624 W.
456 2584 497 2622 4.
517 2583 542 2622 5
568 2578 737 2633 quibus
754 2579 900 2636 igitur
914 2578 1173 2623 masculum
1187 2578 1378 2622 tandem
1396 2578 1538 2622 sumis
1557 2577 1740 2622 actibus
1757 2577 1858 2622 ani·

175 2650 305 2683 mum
321 2641 351 2683 ὃ
418 2642 445 2681 8
468 2637 581 2681 illuc
597 2637 678 2694 qu
752 2643 777 2681 9
802 2638 1049 2682 indubium
1063 2638 1226 2694 scripsi
1257 2637 1450 2682 dubium
1465 2638 1564 2682 cdd.
1635 2641 1689 2680 13
1712 2636 1857 2682 Estrui

176 2700 213 2742 F
246 2696 417 2743 costrui
433 2698 508 2753 φὸ
580 2701 635 2739 22
660 2696 916 2741 lasciuiunt
930 2699 1028 2742 cdd.
1061 2695 1228 2740 lasciui
1245 2698 1298 2740 ut
1314 2696 1365 2742 Ε.
1443 2701 1499 2740 24
1523 2694 1857 2752 praenuntiant

174 2802 340 2857 scripsi
377 2799 683 2857 pronuntiant
713 2799 793 2856 Ftp
893 2805 948 2854 29
980 2806 1023 2844 et
1052 2800 1180 2855 infra
1205 2803 1304 2842 123.
1321 2804 1349 2842 4
1440 2765 1647 2843 Mercuri1
1662 2799 1698 2842 F
1735 2789 1857 2842 Mer·

178 2859 296 2903 curii
316 2860 366 2904 Ε.
451 2864 520 2902 29.
540 2863 595 2902 30
618 2858 931 2903 necessariam
955 2860 1053 2904 cdd.
1091 2857 1406 2902 necessarium
1427 2858 1479 2902 Ε.
1557 2862 1614 2901 30
1643 2857 1773 2902 ioues
1797 2857 1859 2900 Ε*

1445 3083 1458 3093 ο

1407 3100 1458 3132 Α,
