1916 3132
194 99 303 151 230
923 54 1086 144 unm
1117 100 1159 143 x

199 221 383 274 iudicii
420 221 733 291 religionem
780 239 900 273 cum
938 222 1097 274 fidem
1137 240 1287 275 suam
1330 241 1507 275 coram
1543 221 1764 276 lacerari
1800 224 1876 278 ui-

197 294 365 364 deret,
410 295 767 363 multiplicato
808 295 984 348 studio
1031 296 1376 349 uerberonem
1415 295 1568 349 illum
1606 297 1878 351 contendit

193 370 528 439 redarguere,
580 369 744 422 donec
791 369 938 422 iussu
985 370 1397 440 magistratuum
1443 371 1740 424 ministeria
1783 390 1876 441 pu-

193 444 333 496 blica
387 443 728 496 contrectatis
790 444 1103 512 nequissimi
1159 445 1300 497 serui
1360 445 1642 498 manibus>
1659 445 1876 499 anulum

193 518 425 570 ferreum
489 517 873 586 deprehensum
935 537 1055 571 cum
1117 519 1270 589 signo
1333 519 1529 572 sacculi
1583 520 1877 590 conferunt,

195 611 329 660 quae
369 592 696 661 comparatio
744 593 1143 676 praecedentem
1190 593 1464 646 roborauit
1507 594 1876 663 suscipioncm.

194 684 290 718 nec
336 669 456 718 rota
500 666 588 719 uel
635 666 884 719 eculeus
878 685 1037 736 more
1079 666 1399 740 Graecorum
1445 669 1725 721 tormentis
1764 668 1878 723 eius

195 743 449 809 apparata
494 740 599 792 iam
649 740 888 793 deerant
911 741 1002 794 sed
1049 741 1371 794 offirmatus
1393 742 1529 794 mira
1573 761 1877 813 praesump-

114 845 119 853 ·
192 815 337 866 tione
390 815 552 867 nullis
603 815 914 867 uerberibus
971 834 1029 867 ac
1082 834 1147 868 ne
1201 816 1335 884 ipso
1327 816 1586 885 quidem
1640 835 1876 870 succum-

192 889 273 940 bit
311 888 438 958 igni.
1899 917 1916 948 1

302 962 395 1015 XI.
435 963 573 1015 Tum
606 963 887 1015 medicus
893 982 1000 1016 non
1031 963 1224 1032 patiar'
1257 964 1432 1032 inquit
1464 944 1737 1035 ε1161611166»,
1768 984 1876 1019 non

192 1037 366 1106 patiar
404 1037 491 1090 uel
538 1040 722 1090 contra
759 1037 839 1090 fas
881 1038 942 1090 de
990 1038 1266 1090 innocente
1306 1038 1409 1090 isto
1449 1038 1640 1092 iuuene
1679 1008 1876 1109 stippli-

195 1112 337 1164 cium
383 1130 480 1164 uos
529 1130 759 1180 sumere,
808 1112 895 1163 uel
940 1111 1113 1164 hunc
1122 1111 1403 1173 ludificato
1450 1116 1634 1165 nostro
1681 1113 1879 1168 iudicio

193 1204 418 1255 poenam
458 1186 606 1238 noxii
653 1154 903 1238 facinoris
950 1186 1185 1238 euadere
1263 1186 1397 1238 dabo
1437 1187 1577 1239 enim
1615 1187 1693 1240 rei
1730 1207 1876 1258 prae-

192 1260 358 1313 sentis
398 1260 615 1312 euidens
663 1263 1048 1330 argumentum.
1125 1279 1248 1312 nam
1296 1279 1415 1312 cum
1460 1279 1724 1314 uenenum
1761 1281 1876 1332 per·
1899 1287 1916 1319 1

192 1335 514 1403 emptorium
555 1353 859 1403 comparare
898 1335 1162 1418 pessimus
1194 1334 1294 1386 iste
1327 1335 1563 1404 gestiret,
1601 1354 1697 1388 nec
1727 1355 1874 1391 meae

192 1413 378 1462 sectae
407 1409 671 1461 crederem
713 1409 994 1461 conuenire
1034 1427 1218 1461 causas
1258 1408 1356 1460 11111
1389 1409 1639 1477 praebere
1670 1411 1874 1480 mortis,

190 1501 286 1535 nec
338 1483 501 1535 exitio
549 1483 641 1535 sed
688 1483 848 1534 saluti
893 1482 1172 1535 hominum
1218 1483 1532 1535 medicinam
1581 1485 1874 1553 quaesitam

192 1575 306 1609 esse
347 1557 670 1625 didicissem,
719 1575 907 1610 uerens
954 1576 1019 1609 ne
1066 1557 1111 1609 si
1158 1557 1405 1609 daturum
1451 1576 1535 1610 me
1582 1575 1874 1629 negassem,

190 1631 569 1698 intempestiua
618 1631 831 1699 repulsa
880 1631 1022 1683 uiam
1074 1630 1258 1684 sceleri
1309 1631 1768 1686 subministrarem
1819 1636 1873 1686 et
1895 1657 1916 1688 2

190 1705 256 1757 ab
312 1705 416 1757 alio
468 1705 719 1773 quopiam
770 1705 1096 1757 exitiabilem
1150 1709 1414 1758 mercatus
1464 1705 1552 1758 hic
1600 1706 1883 1775 potionem

190 1779 279 1831 uel
317 1782 646 1847 postremum
688 1778 864 1847 gladio
904 1778 991 1830 uel
1023 1779 1213 1847 quouis
1245 1778 1352 1831 telo
1385 1780 1532 1832 nefas
1564 1779 1872 1834 inchoatum

189 1853 480 1922 perficeret,
505 1852 624 1904 dedi
654 1871 918 1928 uenenum
951 1852 1044 1904 sed
1074 1853 1435 1922 somniferum,
1466 1844 1909 1924 mandragiiramk

190 1927 344 1979 illum
396 1916 724 1996 grauedinis
747 1929 1046 1994 compertae
1092 1926 1355 1978 famosum
1403 1931 1456 1979 et
1500 1928 1662 1980 morti
1707 1928 1869 1981 simil-

190 2002 307 2053 limi
359 2001 564 2069 soporis
616 2000 897 2052 efficacem.
983 2018 1078 2052 nec
1131 2000 1326 2051 mirum
1381 2000 1868 2068 desperatissimum
1892 2026 1916 2057 2

190 2076 356 2128 istum
401 2075 661 2127 latronem
709 2078 911 2127 certum
959 2077 1222 2126 extremae
1267 2091 1487 2142 poenae,
1543 2093 1676 2143 quae
1721 2094 1870 2130 more

190 2149 454 2201 maiorum
493 2149 548 2200 in
587 2167 707 2201 eum
748 2148 1023 2216 competit,
1071 2148 1333 2200 cruciatus
1372 2147 1504 2200 istos
1544 2151 1605 2200 ut
1640 2148 1868 2203 leuiores

190 2222 347 2274 facile
386 2222 627 2275 tolerare.
691 2222 783 2274 sed
822 2222 866 2274 si
906 2241 1028 2274 uere
1059 2240 1190 2290 puer
1220 2221 1351 2274 meis
1383 2225 1731 2290 temperatam
1761 2242 1868 2276 ma-

190 2297 349 2348 nibus
389 2297 617 2364 sumpsit
655 2297 942 2364 potionem,
980 2296 1119 2348 uiuit
1156 2299 1209 2348 et
1248 2295 1473 2364 quiescit
1505 2299 1558 2348 et
1589 2296 1784 2349 dormit
1814 2301 1868 2351 et

190 2371 436 2440 protinus
475 2370 707 2422 marcido
749 2388 937 2439 sopore
970 2370 1206 2422 discusso
1237 2370 1494 2422 remeabit
1525 2370 1591 2422 ad
1622 2370 1760 2424 diem
1789 2370 1866 2424 lu·
1889 2393 1916 2425 a

192 2445 385 2497 eidam:
426 2444 568 2512 quod
607 2444 652 2495 si
691 2463 815 2496 uere
853 2446 1158 2512 peremptus
1197 2445 1292 2511 est,
1332 2443 1377 2495 si
1415 2447 1586 2496 morte
1616 2462 1866 2513 praeuen-

191 2522 279 2570 tus
320 2522 415 2586 est,
455 2518 720 2586 quaeratis
759 2518 883 2570 licet
923 2536 1106 2570 causas
1144 2517 1332 2569 mortis
1374 2518 1486 2569 eius
1526 2517 1691 2570 alias.'
1900 2524 1907 2530 ’

309 2698 334 2736 8
377 2692 600 2747 οΗίτωειτς
634 2692 667 2734 F
790 2697 815 2736 9
855 2692 956 2748 ipso
989 2692 1023 2734 F
1034 2692 1108 2747 φὸ
1228 2695 1281 2734 23
1315 2691 1623 2749 mandragora
1653 2691 1688 2735 F
1719 2694 1866 2749 (erasa

190 2787 254 2825 est
292 2786 402 2825 nota
438 2782 601 2837 accus.)
731 2785 787 2823 24
826 2768 930 2822 illut
962 2780 997 2823 F
1037 2782 1076 2836 (t
1114 2793 1196 2824 scr.
1229 2794 1285 2823 m.
1326 2780 1461 2824 ualde
1499 2781 1664 2836 recens)
1710 2761 1798 2824 illd
1827 2797 1863 2838 φ

191 2839 320 2883 istud.
349 2838 470 2884 illud
508 2841 536 2883 ὃ
687 2843 740 2882 25
776 2838 945 2883 efficax
975 2838 1070 2882 13¹²&
1221 2843 1273 2881 31
1319 2838 1445 2893 quod
1475 2837 1573 2882 siue
1605 2838 1686 2895 Ρφ
1739 2839 1866 2894 quod

194 2898 293 2942 siue
325 2900 539 2956 pemptus
574 2903 597 2943 ἓ
649 2897 747 2941 siue
779 2900 926 2941 morte
959 2899 987 2940 δ
