1916 3132
133 115 198 167 78
859 120 1119 167 ΤΡΙΤΟΝ

130 249 213 307 ὢν
251 253 358 307 κάκ
396 253 614 309 τούτων
651 253 720 308 οὐ
758 257 1027 324 λέληθας,
1069 251 1177 324 ἐγω
1217 258 1280 311 δέ
1316 272 1406 312 σοι
1442 258 1546 329 τὴν
1581 263 1830 332 πομπήν,

130 338 451 409 ὀνομαστὴν
490 342 554 394 ἐν
593 337 805 407 ὀλίγαις
842 340 1154 409 γενομένην
1191 339 1363 411 αὐτῆς
1399 363 1459 396 τε
1496 344 1690 399 ἕνεκεν
1734 347 1829 400 καὶ

127 427 243 476 τῶν
282 423 338 487 ἐξ
378 422 551 493 αὐτῆς
589 423 949 493 ἀποβάντων,
990 423 1269 492 ἐπιτεμών
1306 427 1666 497 διαθήσομαι.

231 506 419 576 ἡγεῖτο
439 510 543 576 μὲν
562 508 842 577 ἑκατόμβη
863 512 979 562 τῶν
998 511 1372 580 τελουμένων,
1385 510 1616 583 ἀνδρῶν
1633 511 1826 583 ἀγροι-

126 595 373 661 κοτέρων
399 596 527 661 βιόν
553 612 612 646 τε
638 591 732 646 καὶ
758 591 964 662 στολὴν
986 592 1392 663 ἐφελκομένων.
1429 595 1494 650 τὸ
1513 598 1618 665 μὲν
1637 601 1824 667 ζῶσμα

126 675 339 747 ἑκάστῳ
365 682 572 745 χιτῶνα
598 677 804 731 λευκὸν
841 680 917 740 εἰς
952 676 1206 747 ἀγκύλην
1238 678 1562 750 ἀνέστελλε,
1603 680 1723 751 χεὶρ
1760 684 1823 736 δὲ

124 757 156 827 ἡ
197 759 351 824 δεξιοὶ
389 761 498 814 σύν
538 760 670 833 ὤμῳ
708 762 800 814 καὶ
837 766 987 831 μαζῷ
1025 766 1541 834 παραγυμνουμένη
1580 768 1824 820 πέλεκυν

125 846 395 913 δίστομον
436 847 867 916 ἐπεκράδαινεν.
933 847 993 899 οἱ
1023 848 1151 915 βόες
1187 848 1424 915 μέλανες
1461 850 1683 919 πάντες,
1721 850 1822 904 τὸν

124 926 332 996 αὐχένα
359 934 711 999 σφριγῶντες
739 929 832 984 καὶ
858 929 998 999 πρὸς.
1022 932 1286 1000 κύρτωμα
1312 933 1540 1002 μέτριον
1562 936 1821 1005 ἐγείρον-

122 1032 237 1082 τες,
280 1012 341 1066 τὸ
374 1016 539 1083 κέρας
574 1014 871 1084 ἀπέριττον
897 1017 988 1069 καὶ
1016 1015 1402 1085 ἀδιάστροφον
1429 1016 1747 1088 ὀξύνοντες,
1787 1015 1820 1073 δ’

122 1098 225 1166 μὲν
252 1099 560 1167 ἐπίχρυσον
587 1097 619 1152 ὃ
645 1101 705 1152 δὲ
733 1098 1021 1164 ἀνθεινοῖς
1046 1102 1349 1170 στεφάνοις
1375 1102 1704 1170 διάπλοκον,
1731 1117 1821 1157 σι-

119 1183 214 1249 μοὶ
252 1184 355 1251 τὴν
393 1184 632 1254 κνήμην,
673 1185 766 1237 καὶ
802 1187 1046 1253 βαθεῖαν
1083 1181 1187 1253 την
1215 1187 1480 1256 φάρυγγα
1505 1196 1621 1249 τοῖς
1643 1187 1820 1255 γόνα-

121 1280 213 1320 σιν
241 1267 669 1338 ἐπαιωροῦντες.
722 1265 751 1321 ὁ
776 1269 838 1322 δὲ
865 1267 1107 1338 ἀριθμὸς
1131 1268 1376 1339 ἀκριβῶς
1400 1271 1696 1342 ἑκατόμβη,
1723 1274 1817 1325 καὶ

120 1352 198 1414 εἰς
235 1349 512 1420 ἀλήθειαν
549 1353 613 1406 τὸ
643 1353 823 1422 ὄνομα
849 1357 1211 1423 πληροῦντες.
1276 1355 1654 1424 ἐπηκολούθει
1677 1357 1818 1410 τού-

118 1454 234 1498 τοις
271 1434 460 1490 ἄλλων
503 1440 721 1507 ἱερείων
761 1437 1042 1508 διάφορον
1084 1441 1331 1508 πλῆθος,
1381 1439 1622 1493 ἑκάστου
1668 1440 1814 1506 ζώου

117 1520 281 1587 γένος
308 1522 423 1592 ἰδία
449 1522 542 1575 καὶ
570 1524 647 1586 είς
676 1524 890 1591 κόσμον
927 1521 1224 1592 ἀγόμενον,
1266 1521 1448 1577 αὐλοῦ
1485 1522 1579 1577 καὶ
1615 1525 1815 1594 σύριγ-

116 1623 216 1672 γος
251 1606 573 1659 τελεστικόν
610 1627 662 1659 τι
699 1609 863 1674 μέλος
900 1608 995 1660 καὶ
1022 1606 1460 1676 καταγγελτικὸν
1486 1613 1584 1678 τῆς
1607 1613 1815 1672 θυσίας

117 1687 510 1759 ὑπηχούντων.

220 1774 427 1838 ταύτας
463 1777 561 1838 τὰς
596 1773 798 1844 ἀγέλας
835 1776 928 1828 καὶ
965 1773 1097 1837 τούς
1133 1776 1346 1844 ἄνδρας
1379 1775 1511 1840 τούς
1535 1778 1814 1847 βοηλάτας

115 1858 279 1932 κόραι
308 1861 638 1912 Θετταλικαὶ
663 1861 980 1927 διεδέχοντο
1019 1862 1350 1924 καλλίζωνοί
1386 1879 1534 1923 τινες
1571 1864 1665 1914 καὶ
1700 1864 1805 1930 βα-

114 1942 359 2008 θύζωνοι
409 1935 645 2013 καὶᾲῖἧν
683 1944 865 2012 κόμην
902 1941 1106 1997 ἄνετοι.
1182 1945 1449 2014 διῄρηντο
1488 1947 1551 1999 δὲ
1590 1949 1667 2010 εἰς
1702 1948 1808 2001 δύο

114 2027 342 2096 χορούς·
383 2027 478 2082 καὶ
504 2031 567 2081 αἳ
585 2029 690 2097 μὲν
717 2031 925 2098 ἔφερον
950 2032 1361 2096 καλαθίσκους,
1402 2026 1431 2082 ὁ
1457 2035 1677 2099 πρῶτος
1710 2051 1807 2100 χο-

114 2109 236 2179 ρός,
276 2109 503 2166 ἀνθέων
540 2132 600 2165 τε
631 2112 725 2166 καὶ
763 2110 986 2182 ὡραίων
1020 2115 1276 2182 πλήρεις,
1317 2115 1380 2166 αἳ
1401 2114 1463 2168 δὲ
1489 2119 1635 2167 κανᾶ
1661 2133 1803 2185 πεμ-

111 2198 306 2264 μάτων
355 2216 415 2250 τε
464 2197 557 2250 καὶ
606 2196 981 2267 θυμιαμάτων
1029 2195 1595 2277 κανηφοροῦσαιξτὸν
1630 2200 1806 2253 τόπον

112 2279 323 2350 εὐωδίᾳ
359 2283 687 2335 κατέπνεον.
751 2282 1033 2351 ἠσχόλουν
1071 2282 1132 2334 δὲ
1172 2279 1343 2336 οὐδὲν
1381 2282 1472 2345 εἰς’
1498 2287 1668 2336 ταῦτα
1704 2282 1802 2347 τοὶς

110 2374 324 2433 χεῖρας,
365 2363 489 2417 ἀλλ’
517 2364 661 2434 ὑπὲρ
695 2371 793 2436 τῆς
818 2370 1068 2436 κεφαλῆς
1094 2364 1519 2435 ἀχθοφοροῦσαι
1544 2366 1684 2435 πρὸς
1706 2388 1804 2437 χο-

111 2446 215 2517 ρὸν
243 2449 474 2518 στιχήρη
493 2436 594 2502 ίκαὶ
622 2437 1214 2521 ἐγκάρσιονζάλλήλων
1240 2455 1475 2519 εἴχοντο,
1503 2448 1576 2512 ὥς
1601 2447 1673 2504 ἄν
1696 2455 1803 2520 βα-

114 2536 283 2598 δίζειν
308 2553 367 2586 τε
395 2532 505 2601 ἅμα
532 2535 624 2587 καὶ
651 2536 910 2604 χορεύειν
937 2532 1130 2596 αὐταῖς
1157 2536 1450 2603 ἐγγίνοιτο.
1491 2538 1592 2587 τοῦ
1618 2536 1679 2588 δὲ
1703 2538 1800 2605 με’-

110 2622 244 2679 λους
269 2617 465 2681 αὐταῖς
489 2617 552 2671 τὸ
582 2601 897 2689 ἐνδόσιμονβ
911 2617 940 2672 ὁ
967 2619 1152 2687 ἕτερος
1187 2617 1355 2686 χορὸς
1387 2617 1797 2687 ὑπεσήμαινεν·

108 2693 274 2765 οὗτος
297 2700 406 2772 γὰρ
433 2703 534 2757 τὸν
561 2701 698 2756 ὅλον
726 2704 1097 2772 ἐπετέτραπτο
1123 2703 1395 2772 μελῳδεῖν
1422 2700 1618 2770 ὕμνον.
1678 2700 1707 2755 ὁ
1732 2704 1795 2756 δὲ

106 2785 281 2855 ὕμνος
306 2777 396 2856 ἦν,
432 2785 466 2856 ἡ
495 2789 655 2850 Θέτις
683 2789 941 2857 ἐπῃνεῖτο
968 2786 1061 2841 καὶ
1089 2784 1117 2840 ὁ
1143 2785 1387 2854 Πηλεύς,
1416 2784 1553 2839 κάπὶ
1578 2785 1796 2849 τούτοις

1852 1039 1892 1072 10

1847 1459 1887 1491 15

1829 2299 1872 2332 25

1825 2717 1865 2751 30
