1916 3132
750 150 1131 199 AEYTEPON
1715 145 1783 199 67

86 311 215 362 μην.
289 288 394 345 οὐκ
433 287 622 357 ὀλίγος
659 287 720 340 δὲ
761 284 790 340 ὁ
825 289 1079 348 τοιοῦτος
1115 288 1238 354 βίος
1277 294 1482 355 συρρεῖ
1514 285 1645 354 περὶ
1682 285 1785 339 τὸν

85 373 234 430 νεών
257 377 358 429 τοῦ
385 375 650 440 Πυθίου,
687 370 782 425 καὶ
807 370 1077 441 μουσεῖόν
1105 369 1260 424 ἐστιν
1285 368 1529 439 ἀτεχνῶς
1560 367 1593 438 ἡ
1623 370 1784 434 πόλις
1857 406 1883 431 <

85 455 196 514 ὑπὸ
231 459 549 527 μουσηγέτῃ
581 459 701 527 θεῷ
739 454 1139 526 φοιβαζομένηΐ

190 542 290 596 τὸν
335 542 440 612 μὲν
488 540 556 611 δή
607 543 887 611 πρότερον
934 541 1144 609 χρόνον
1190 537 1388 594 ἄλλοτε
1427 541 1557 610 περὶ
1595 538 1785 594 ἄλλων

35 646 58 680 a
85 623 219 698 ἡμῖν
246 630 307 680 αἱ
329 628 576 696 ζητήσεις
602 624 970 680 ἀνεκινοῦντο
989 666 1003 691 ,
1045 625 1138 678 καὶ
1166 623 1198 677 ὃ
1232 624 1336 694 μέν
1360 645 1443 688 τις
1479 623 1628 687 ὅπως
1652 627 1785 702 τοὺς

85 712 391 790 ἐγχωρίους
417 711 477 764 oc
492 712 796 778 Αἰγύπτιοι
833 710 1073 778 σέβομεν
1107 707 1283 790 θεοὺς
1309 708 1600 780 ἀνηρώτα,
1640 711 1671 764 ὃ
1698 712 1781 781 δέ,

84 793 158 850 δι’
184 791 259 864 ἢν
296 797 482 849 αἰτίαν
518 792 662 848 ἄλλα
699 795 835 863 παρ’
865 792 1058 857 ἄλλοις
1072 787 1196 848 Ττέὄν
1231 796 1387 860 ζώων
1416 797 1780 867 ἐκθειάζεται,

83 882 177 934 καὶ
201 883 284 943 τίς
317 878 347 933 ὁ
375 880 500 950 περὶ
528 880 768 934 ἑκάστου
794 881 979 948 λόγος,
1010 880 1385 933 ἐπυνθάνετο.
1462 879 1632 945 ἄλλος
1670 900 1782 935 πυ-

85 967 338 1032 ραμίδων
374 965 755 1034 κατασκευήν,
805 965 994 1033 ἕτερος
1043 967 1332 1034 συρίγγων
1369 965 1629 1036 πλάνην]
1689 966 1783 1021 καὶ

13 1066 55 1102 10
85 1049 382 1104 συνελόντι
419 1053 535 1102 τών
582 1048 703 1102 κατ’
747 1054 1042 1118 Αἴγυπτον
1079 1050 1141 1102 ἓν
1180 1047 1351 1103 οὐδὲν
1388 1047 1784 1120 ἀπελίμπανον

86 1135 468 1203 ἱστοροῦντες·
509 1133 828 1202 Αίγύπτιον
853 1134 962 1204 γὰρ
989 1133 1250 1202 ἄκουσμα
1276 1136 1370 1188 καὶ
1396 1134 1641 1205 διήγημα
1666 1139 1782 1188 πᾶν

75 1217 403 1288 Ἑλληνικῆς
428 1216 600 1286 ἀκοῆς
622 1217 1068 1287 ἐπαγωγότατον.
1110 1220 1266 1281 τέλος
1292 1220 1357 1273 δέ
1377 1237 1512 1272 ποτε
1538 1218 1634 1273 καὶ
1651 1222 1780 1291 περὶ
1799 1223 1867 1275 28

82 1305 184 1356 τοῦ
209 1306 451 1370 Νείλου,
490 1301 583 1356 καὶ
619 1306 767 1366 τίνες
801 1303 907 1370 μὲν
943 1301 1092 1373 αὐτῷ
1131 1303 1279 1373 (ars)
1315 1309 1513 1373 πηγαί,
1550 1307 1634 1367 τίς
1660 1302 1780 1374 δὲὴ

83 1385 234 1458 παρά
261 1386 395 1450 τούς
421 1387 631 1450 ἄλλους
656 1385 939 1457 ποταμοὺς
965 1388 1254 1451 ἰδιάζουσα
1280 1388 1480 1457 φύσις,
1519 1390 1615 1441 καὶ
1642 1387 1782 1444 ὁπό-

13 1488 53 1522 15
81 1475 190 1524 θεν
226 1470 329 1541 τὴν
364 1472 609 1542 θερινὴν
647 1470 802 1541 ὤραν
840 1472 1012 1541 μόνος
1047 1474 1162 1524 τῶν
1199 1473 1430 1526 πάντων
1477 1477 1780 1545 πλημυρεϊ,

83 1558 287 1609 πεῦσίν
334 1577 417 1620 τις
466 1556 589 1626 ἐμοὶ
635 1560 885 1626 προσῆγε
922 1559 1036 1609 τών
1073 1555 1462 1626 ἀστειοτέρων.
1541 1559 1679 1628 ἐμοῦ
1718 1561 1781 1613 δὲ

82 1638 226 1710 ἅπερ
268 1639 583 1708 ἐγίνωσκον
621 1642 900 1709 εἰπόντος,
941 1641 1036 1694 καὶ
1075 1639 1179 1694 ὅσα
1218 1640 1347 1710 περὶ
1384 1646 1486 1695 τοῦ
1524 1647 1782 1713 ποταμοῦ

81 1724 286 1778 τούτου
310 1727 529 1795 βίβλοις
555 1726 731 1794 ἱεραῖς
755 1724 1226 1796 ἀναγεγραμμένα
1264 1727 1459 1796 μόνοις
1493 1737 1610 1790 τοῖς
1635 1747 1778 1796 προ-

83 1818 340 1879 φητικοῖς
377 1811 470 1862 καὶ
509 1810 814 1878 γινώσκειν
851 1809 945 1863 καὶ
983 1808 1398 1879 ἀναγινώσκειν
1435 1811 1644 1882 ἔξεστι,
1685 1813 1779 1866 καὶ

10 1909 52 1943 20
84 1894 411 1957 διελθόντος
435 1893 510 1958 ὣς
535 1893 633 1958 τάς
658 1896 762 1963 μὲν
785 1892 959 1965 ἀρχὰς
979 1895 1041 1948 ἐκ
1062 1899 1177 1949 τῶν
1207 1893 1401 1964 ἄκρων
1426 1898 1530 1966 μὲν
1550 1901 1647 1965 τῆς
1672 1900 1778 1951 Αί-

79 1982 308 2042 θιοπίας
334 1977 583 2048 ἐσχάτων
609 1980 670 2032 δὲ
695 1982 793 2048 τῆς
818 1981 1034 2050 Λιβύης
1060 1981 1358 2048 λαμβάνει,
1386 1981 1526 2034 καθ’
1555 1980 1587 2035 ὃ
1611 1984 1778 2051 μέρος

79 2061 142 2117 τό
169 2065 337 2132 κλίμα
363 2061 425 2116 τὸ
452 2062 790 2118 ἀνατολικὸν
815 2063 1107 2133 ἀπολῆγον
1144 2063 1322 2135 ἀρχὴν
1356 2070 1424 2136 τῇ
1459 2070 1778 2138 μεσημβρία

81 2148 335 2215 δίδωσιν,
375 2144 598 2212 αὔξεται
621 2149 684 2201 δὲ
710 2147 850 2202 κατὰ
876 2151 979 2218 τὴν
1004 2147 1248 2219 θερινὴν
1275 2148 1432 2220 ὤραν
1458 2149 1562 2220 οὐχ
1588 2150 1662 2214 ὥς
1686 2172 1780 2206 τι-

78 2250 173 2296 νες
210 2228 505 2303 ᾠήθησαν,
554 2231 694 2302 πρὸς
740 2237 853 2286 τῶν
902 2233 1144 2303 ἐτησίων
1191 2232 1434 2305 ἀντικρὺ
1482 2235 1779 2291 πνεόντων

13 2329 52 2368 25
81 2313 565 2386 ἀνακοπτόμενος,
615 2315 740 2370 ἀλλ’
781 2315 973 2371 αὐτῶν
1021 2319 1089 2387 δή
1128 2319 1347 2372 τούτων
1394 2322 1511 2373 τών
1551 2319 1774 2391 ἀνέμων

77 2398 218 2453 κατὰ
235 2400 452 2471 τροπὴν
469 2399 574 2470 τὴν
592 2403 834 2471 θερινὴν
860 2400 968 2455 ἀπὸ
994 2405 1108 2455 τῶν
1134 2401 1407 2475 ἀρκτῴων
1429 2404 1521 2458 ἐπὶ
1541 2406 1645 2475 τὴν
1671 2425 1772 2474 με-

77 2487 358 2555 σημβρίαν
383 2485 496 2539 πᾶν
520 2487 692 2555 νέφος
718 2485 1080 2541 ἐλαυνόντων
1106 2507 1165 2541 τε
1191 2488 1284 2541 καὶ
1305 2487 1640 2559 ὠθούντων,
1671 2489 1772 2553 ἕως

79 2566 172 2623 ἐπὶ
196 2568 301 2638 τήν
326 2570 775 2640 διακεκαυμένην
794 2570 976 2642 ζώνην
996 2572 1384 2642 συναράξωσι,
1413 2573 1549 2627 καθ’
1576 2574 1651 2643 ἢν
1675 2575 1771 2644 τῆς

77 2651 270 2721 πρόσω
296 2658 479 2723 φορᾶς
504 2653 940 2725 ἀνακόπτονται,
969 2655 1047 2710 δι’
1070 2654 1400 2727 ὑπερβολὴν
1426 2663 1526 2711 τοῦ
1555 2658 1771 2727 περὶτὰ

6 2751 49 2786 :to
78 2737 216 2806 με’ρη
255 2739 557 2808 πυρώδους
593 2741 775 2809 πάσης
810 2744 909 2809 τῆς
946 2743 1225 2812 πρότερον
1251 2742 1346 2795 καὶ
1382 2742 1523 2796 κατά
1561 2739 1768 2811 μικρὸν

77 2819 483 2892 ἀθροισθείσης
519 2824 612 2876 καὶ
650 2829 1034 2895 παχυνθείσης
1071 2828 1294 2889 νοτίδος
1332 2827 1766 2895 ἐξατμιζομένης.

77 2903 186 2959 κάκ
210 2905 414 2960 τούτου
450 2907 678 2978 λάβρων
704 2905 884 2963 ὑετῶν
912 2911 1280 2980 ῥηγνυμένων
1308 2910 1449 2980 ὀργᾷ
1473 2930 1531 2963 τε
1569 2908 1598 2961 ὁ
1626 2914 1767 2962 Νεῖ-

1358 2999 1526 3054 5*-
