1916 3132
1878 0 1912 141 Ξ

179 223 303 277 simi
365 223 614 276 desiderii
674 216 1010 275 retinaculis?
1088 224 1408 292 prouolutus
1466 225 1693 296 denique
1747 229 1870 280 ante

180 301 524 367 conspectum
579 297 706 349 deae
757 300 811 350 et
859 297 995 350 facie
1045 317 1164 351 mea
1211 299 1301 351 diu
1353 299 1577 353 detersis
1622 299 1869 370 uestigiis

180 373 309 441 eius,
347 372 582 424 lacrimis
623 371 827 424 obortis
866 371 1108 441 singultu
1149 373 1333 426 crebro
1373 392 1671 427 sermonem
1709 375 1870 427 inter-

179 447 365 499 ficiens
405 449 459 498 et
496 446 662 498 uerba
700 442 961 498 deuorans
1002 447 1085 499 aio

290 519 458 572 XXV.
500 519 601 572 eTu
641 520 855 588 quidem
895 524 1078 573 sancta
1117 525 1170 573 et
1207 521 1428 574 humani
1460 522 1670 592 generis
1701 521 1867 591 sospi-
1911 549 1916 579 ε

180 595 346 647 tatrix
391 597 651 663 perpetua
698 613 905 663 semper
949 595 1194 647 fouendis
1239 595 1556 649 mortalibus
1602 596 1870 666 munifica,

182 669 389 722 dulcem
435 669 623 720 matris
663 668 1014 721 adfectionem
1053 669 1370 722 miserorum
1411 671 1622 723 casibus
1660 669 1869 723 tribuis.

181 762 277 796 nec
318 743 429 795 dies
461 761 558 795 nec
591 743 741 811 quies
773 743 884 795 ulla
915 762 975 796 ac
1005 763 1070 796 ne
1102 747 1432 797 momentum
1465 745 1680 814 quidem
1711 747 1892 801 tenuel

180 818 289 870 tuis
328 818 648 870 transcurrit
686 817 958 870 beneficiis
999 818 1247 887 otiosum,
1287 819 1417 888 quin
1454 818 1590 871 mari
1623 821 1870 888 terraque

180 895 432 962 protegas
470 891 716 944 homines
756 894 810 943 et
850 892 1085 961 depulsis
1123 893 1266 945 uitae
1301 892 1550 962 procellis
1582 892 1871 945 salutarem
1893 917 1916 950 ι,

181 967 426 1036 porrigas
467 966 760 1035 dexteram,
794 966 912 1035 ilua
956 967 1191 1019 fatorum
1230 968 1390 1019 etiam
1429 966 1871 1020 inextricabiliter

184 1043 430 1113 contorta
460 1043 715 1092 retractas
746 1039 956 1104 lieialet
978 1040 1245 1093 Fortunae
1277 1043 1621 1109 tempestates
1651 1041 1869 1110 mitigas

184 1118 238 1168 et
277 1115 552 1168 stellarum
591 1112 781 1167 noxios
819 1118 1027 1167 meatfis
1068 1115 1298 1168 cohibes,
1364 1118 1417 1167 te
1457 1115 1636 1184 superi
1673 1114 1871 1182 colunt,

185 1190 473 1242 obseruant
511 1189 683 1258 inferi,
722 1192 782 1241 tu
820 1193 966 1242 rotas
1007 1189 1203 1259 orbem,
1241 1189 1471 1242 luminas
1508 1189 1689 1259 solem,
1726 1189 1869 1260 regis

184 1264 460 1333 mundum,
499 1263 669 1316 calcas
709 1263 1005 1315 Tartarum.
1068 1264 1169 1316 tibi
1207 1264 1531 1332 respondent
1569 1264 1755 1333 sidera,
1792 1282 1870 1317 re·
1894 1287 1914 1321 1

186 1339 351 1391 deunt
374 1341 631 1407 tempora,
664 1337 899 1407 gaudent
922 1338 1156 1407 numina,
1188 1338 1431 1390 seruiunt
1453 1337 1725 1390 elementa.
1775 1340 1870 1390 tuo

184 1416 320 1465 nutu
345 1413 552 1482 spirant
582 1412 813 1481 flamina,
836 1412 1084 1464 nutriunt
1106 1412 1305 1481 nubila,
1330 1412 1632 1482 germinant
1655 1412 1872 1480 semina,

186 1490 430 1540 crescunt
455 1487 708 1556 germina.
770 1489 919 1539 tuam
951 1487 1283 1539 maiestatem
1311 1486 1723 1555 perhorrescunt
1746 1503 1871 1546 aues

185 1561 330 1614 caelo
370 1564 624 1630 meantes7
662 1562 804 1629 ferae
843 1561 1116 1613 montibus
1156 1564 1407 1630 erranteS‚
1447 1563 1717 1630 serp-entes
1756 1559 1870 1613 solo

183 1635 428 1703 latenteS‚
466 1635 653 1699 beluae
691 1638 857 1704 ponto
897 1638 1154 1688 natantes
1219 1638 1273 1687 at
1312 1652 1410 1705 ego
1442 1634 1732 1688 referendis
1761 1633 1871 1686 lau-
1895 1658 1916 1690 2

187 1710 343 1762 dibus
383 1709 492 1761 tuis
524 1709 678 1761 exilis
710 1710 923 1778 ingenio
957 1713 1011 1762 et
1042 1709 1355 1762 adhibendis
1391 1709 1664 1762 sacrificiis
1696 1708 1871 1762 tenuis

187 1783 532 1852 patrimonio:
579 1801 677 1835 nec
721 1783 855 1835 mihi
901 1784 1049 1836 uocis
1096 1784 1312 1836 ubertas
1360 1783 1427 1835 ad
1473 1782 1693 1836 dicenda
1738 1800 1872 1852 quae

190 1858 252 1910 de
303 1861 397 1910 tua
440 1857 718 1909 maiestate
766 1857 938 1909 sentio
986 1857 1187 1909 sufficit
1235 1876 1332 1910 nec
1377 1857 1736 1927 <sufficerent>
1781 1874 1875 1909 ora

188 1931 335 1984 mille
365 1931 686 2000 linguaeque
718 1931 942 1983 totidem
966 1931 1054 1984 uel
1084 1931 1336 1984 indefessi
1367 1931 1627 1984 sermonis
1660 1933 1874 1984 aeterna
1914 1994 1916 1998 Ι

188 2006 366 2059 series,
437 2022 563 2074 ergo
605 2006 747 2074 quod
785 2005 959 2058 solum
997 2007 1177 2073 potest
1214 2005 1498 2074 religiosus
1530 2005 1743 2074 quidem
1779 2003 1872 2057 sed
1895 2026 1916 2067 23

188 2099 392 2149 pauper
437 2079 698 2148 alioquin,
749 2079 956 2132 efficere
1003 2079 1218 2131 curabo:
1271 2079 1480 2131 diuinos
1528 2082 1650 2130 tuos
1689 2077 1872 2130 uultus
1913 2105 1916 2107 ·

189 2172 493 2223 numenque
525 2154 921 2206 sanctissimum
952 2153 1095 2205 intra
1123 2153 1355 2222 pectoris
1385 2153 1490 2205 mei
1523 2155 1724 2205 secreta
1753 2170 1872 2204 con·

191 2228 364 2279 ditum
403 2231 659 2296 perpetuo
699 2228 1003 2280 custodiens
1042 2227 1409 2297 imaginabor.'
1899 2267 1916 2276 ..

302 2301 390 2353 Ad
427 2302 591 2354 istum
634 2302 852 2354 modum
899 2302 1177 2370 deprecato
1225 2319 1431 2353 summo
1479 2285 1872 2352 numinelcom-
1909 2314 1916 2372 3·

191 2375 380 2444 plexus
430 2374 687 2445 Mithram
738 2376 1063 2428 sacerdotem
1113 2378 1165 2428 et
1213 2393 1391 2427 meum
1442 2375 1548 2427 iam
1598 2375 1916 2455 parentemqj

193 2449 436 2519 colloque
483 2450 596 2501 eius
642 2450 828 2502 multis
875 2449 1071 2502 osculis
1117 2448 1396 2501 inhaerens
1443 2447 1655 2501 ueniam
1692 2450 1872 2517 postu-
1909 2470 1916 2519 ἦ·

191 2524 392 2593 labam,
439 2523 581 2592 quod
620 2542 740 2576 eum
780 2524 1040 2593 condigne
1087 2523 1251 2575 tantis
1296 2523 1568 2575 beneficiis
1607 2521 1875 2574 munerari
1904 2523 1916 2603 ξ

179 100 288 152 272
894 77 1058 147 LIBRI
1087 102 1152 146 XI

312 2747 351 2787 3.
370 2748 398 2786 4
429 2741 738 2799 intercipiens,
758 2743 890 2788 Corn.
977 2747 1003 2786 8
1028 2743 1085 2797 cf.
1105 2743 1231 2799 Very.
1253 2741 1412 2800 Georq.
1431 2741 1465 2786 Ι.
1486 2745 1570 2784 208
1656 2744 1712 2783 20
1735 2738 1874 2799 1161116

193 2845 254 2888 F1
375 2851 430 2890 23
464 2838 815 2906 ⁴<sufficerent>
864 2846 1039 2890 inserui
1157 2844 1273 2888 hora
1315 2845 1375 2888 ΕΙ
1495 2849 1548 2887 31
1598 2801 1793 2898 coloque
1838 2841 1900 2885 F

195 2909 252 2947 32
285 2905 411 2960 quod
443 2907 569 2964 eum]
603 2905 666 2960 qd
699 2905 777 2948 ᾱῖιῑ
809 2905 891 2961 Ρφ
940 2918 988 2960 ῳ
1020 2904 1160 2948 deum
1191 2906 1219 2947 δ
1265 2904 1391 2959 quod
1423 2903 1560 2947 deam
1589 2902 1767 2947 Rohde·
