1916 3132
56 1069 97 1103 10

58 1493 99 1527 15

65 1916 108 1949 20

65 2340 107 2372 25

787 142 1180 254 ΔΕΥΘΤΕΡΟΝ
1756 137 1824 191 57

971 230 984 254 s
1004 234 1051 254 C
1171 226 1198 243 2
1213 224 1226 243 >

126 287 361 356 ἐπαφεὶς
386 284 758 353 διεδίδρασκε.
799 276 938 335 καὶ
921 278 951 347 ρ’
974 268 1080 351 μὲν
1109 277 1302 347 ἐπειδὴ
1330 276 1472 348 πρὸς
1499 288 1619 341 ταῖς
1639 277 1827 346 ἀκρω-

129 374 303 440 ρείαις
339 369 559 438 ἐγένετο
599 370 701 421 τοῦ
739 364 938 436 ὅρους,
986 363 1271 418 ἀνέπαυεν
1308 362 1512 419 ἑαυτὸν
1551 363 1647 416 ἐπί
1676 382 1830 426 τινος

126 455 360 524 πέτρας,
389 453 632 522 ἑσπέραν
658 472 716 506 τε
743 453 836 505 καὶ
865 451 1046 504 νύκτα
1074 447 1391 518 ἀναμένων,
1421 446 1556 502 καθ’
1586 443 1657 517 ἣν
1683 462 1825 499 συν-

125 540 302 594 έκειτο
330 537 521 602 αὐτοῖς
545 536 786 607 ἥκουσιν
814 539 891 600 εἰς
916 535 1018 605 τὴν
1045 534 1240 603 κώμην
1275 531 1342 587 τά
1378 531 1507 600 περὶ
1538 531 1639 586 τὸν
1669 532 1828 585 Θύα-

125 644 223 693 μιν
258 627 788 692 πολυπραγμονεῖν,
827 622 920 674 καὶ
959 619 1070 689 ἅμα
1109 618 1328 673 καὶτὸν
1355 615 1642 687 Κνήμωνα
1669 635 1827 684 περι-

124 712 374 777 σκοπῶν,
411 713 467 760 εἴ
485 728 561 778 πη
589 727 723 761 ποτε
752 707 1013 774 ἐπέλθοι,
1049 702 1268 773 βουλὴν
1305 704 1382 766 εἰς
1417 701 1592 756 αὐτὸν
1630 702 1831 755 ποιού-

123 813 293 861 μενος
328 792 712 863 ἀτοπωτέραν·
778 790 848 845 ού
901 788 1009 860 γὰρ
1062 789 1191 858 ἀνιή
1231 786 1335 857 τὴν
1372 790 1608 857 γνέόμην
1647 785 1710 841 τὸ
1751 789 1830 851 εἰς

126 873 299 932 αὐτὸν
334 875 589 932 ὕποπτον
626 878 698 941 ὥς
734 876 1012 930 ἀνελόντα
1051 874 1155 944 τὴν
1183 877 1421 943 Θίσβην,
1462 874 1555 926 καὶ
1583 871 1732 935 ὅπως
1757 871 1830 926 ἀν

126 965 220 1018 καὶ
241 961 407 1019 ὁπότε
428 966 462 1017 δ
467 963 790 1032 ιαχρήσαιτο
814 952 1373 1048 ἐνενόειὴέπιθέσθαι
1390 978 1449 1012 τε
1470 956 1608 1026 μετὰ
1626 963 1832 1012 τοῦτον

127 1050 221 1102 καὶ
252 1058 368 1112 τοῖς
403 1050 530 1116 περὶ
566 1050 667 1101 τὸν
696 1048 984 1116 Θεαγένην
1022 1046 1243 1101 ἐλύττα.
1319 1042 1392 1105 ὥς
1429 1045 1490 1096 δὲ
1529 1042 1557 1096 ὁ
1584 1044 1833 1114 Κνήμων

133 1135 399 1203 ἐφαίνετο
439 1131 723 1201 οὐδαμοῦ,
765 1136 861 1201 τῆς
887 1133 948 1186 δὲ
988 1130 1194 1194 νυκτὸς
1223 1131 1442 1198 ἐγίνετο
1481 1127 1664 1198 ἀωρί,
1692 1127 1836 1196 πρὸς

128 1217 315 1272 ὕπνον
353 1218 582 1287 τραπεὶς
618 1214 647 1270 ὁ
677 1217 999 1288 Θέρμουθις
1036 1214 1278 1284 χάλκεόν
1303 1235 1430 1268 τινα
1458 1215 1550 1267 καὶ
1577 1214 1835 1282 πύματον
1872 1273 1876 1276 ,

129 1301 314 1357 ὕπνον
342 1304 624 1370 ειλκυσεν,
655 1301 889 1364 ἀσπίδος
916 1301 1182 1371 δήγματι,
1210 1304 1427 1368 μοιρῶν
1453 1299 1593 1367 τάχα
1620 1301 1829 1368 βουλη-

130 1402 245 1457 σει,
230 1386 431 1478 ,πρὸς
452 1387 558 1441 ούκ
596 1385 959 1455 ἀνάρμοστον
994 1388 1098 1438 τοῦ
1133 1386 1349 1453 τρόπου
1375 1405 1446 1462 το
1452 1385 1636 1455 τέλος
1662 1403 1837 1436 κατα-

130 1475 388 1542 στρέψας.

239 1555 267 1611 ὁ
309 1558 370 1610 δὲ
409 1557 656 1627 Κνήμων
694 1555 886 1624 ἐπειδὴ
927 1553 1032 1624 τὴν
1071 1552 1252 1624 ἀρχὴν
1291 1552 1524 1607 ἀπέλιπε
1561 1552 1661 1607 τὸν
1690 1553 1835 1621 Θέρ-

133 1648 366 1713 μουθιν,
394 1640 462 1695 οὐ
489 1642 766 1710 πρότερον
793 1640 1103 1694 ἀνέπνευσε
1131 1638 1235 1708 τήν
1263 1641 1475 1708 φυγήν,
1513 1637 1616 1700 ἕως
1641 1638 1704 1690 τὸ
1732 1657 1838 1690 νυ-

137 1725 266 1791 κτός
294 1727 541 1781 ἐπελθὸν
567 1729 778 1796 κνέφας
805 1727 1080 1795 επέδησεν
1108 1723 1259 1795 αὐτῷ
1286 1721 1391 1792 τὴν
1418 1721 1620 1793 ὁρμήν,
1659 1722 1838 1776 αὐτοῦ

138 1832 198 1866 τε
225 1804 295 1866 οὗ
331 1815 662 1881 κατείληπτο
699 1809 902 1866 εαυτόν
940 1810 1254 1878 ἐγκρύψας,
1295 1809 1388 1861 καὶ
1424 1813 1522 1876 τῆς
1548 1809 1841 1878 φυλλάδος

140 1895 277 1951 ὅσον
313 1900 580 1951 πλεῖστον
615 1895 864 1966 η’δύνατο
905 1893 997 1964 ἐφ’
1028 1893 1231 1948 ἑαυτὸν
1272 1895 1579 1964 ε’φαμήσας.
1660 1890 1764 1961 ὑφ’
1800 1893 1834 1962 ᾑ

134 1985 388 2051 κείμενος
424 1980 491 2035 τὰ
531 1980 711 2035 πολλὰ
748 1981 852 2051 μὲν
891 1979 1108 2041 ἄυπνος
1147 1981 1614 2047 έταλαιπωρεῐτο,
1655 1977 1837 2030 πάντα

134 2066 228 2119 καὶ
255 2065 470 2120 κτύπον
497 2067 590 2119 καὶ
618 2066 830 2136 ἀνέμου
858 2063 1030 2134 ῥιπήν
1059 2065 1152 2117 καὶ
1179 2066 1406 2135 φύλλου
1434 2067 1659 2132 κίνησιν
1689 2062 1835 2131 Θέρ-

135 2159 345 2220 μουθιν
382 2149 720 2219 ἡγούμενος·
780 2153 831 2204 εἰ
857 2152 920 2204 δέ
943 2170 1054 2204 που
1082 2149 1175 2202 καὶ
1202 2148 1342 2202 κατά
1370 2147 1575 2218 μικρὸν
1605 2149 1838 2217 ἐκνικη-

133 2239 263 2306 θείη
291 2234 431 2302 πρὸς
456 2234 659 2303 ὕπνον,
690 2236 927 2304 φεύγειν
953 2235 1156 2302 ἐδόκει,
1186 2235 1276 2288 καὶ
1300 2229 1455 2302 θαμὰ
1483 2231 1622 2302 πρὸς
1641 2232 1708 2286 τὰ
1734 2252 1838 2285 κα·-

137 2321 303 2374 τόπιν
328 2317 664 2390 ὑπέστρεφε,
695 2319 788 2373 καὶ
816 2320 1172 2388 περιεσκόπει
1199 2318 1298 2372 τὸν
1316 2318 1571 2387 οὐδαμοῦ
1598 2318 1840 2371 διώκον-

137 2427 221 2460 τα.
282 2404 375 2458 καὶ
400 2405 746 2474 βουλόμενος
772 2405 1080 2458 καθεύδειν
1108 2403 1389 2473 ἀπηύχετο
1416 2397 1580 2457 τοῦθ’
1610 2399 1641 2455 ὃ
1669 2400 1838 2470 ἐβού-

139 2494 284 2557 λετο,
314 2492 720 2560 χαλεπωτέροις
757 2489 999 2559 ὀνείροις
1030 2494 1127 2559 τῆς
1161 2487 1430 2558 ἀληθείας
1459 2488 1839 2556 ἐντυγχάνων.

139 2574 279 2643 πρός
314 2595 373 2628 τε
401 2572 504 2644 τὴν
540 2575 718 2628 νύκτα
745 2575 839 2628 καὶ
866 2578 1227 2644 χαλεπαίνειν
1256 2572 1447 2645 ε’ςόκει,
1484 2575 1842 2642 μακροτέραν

140 2663 254 2713 τῶν
293 2658 483 2712 ἄλλων
507 2657 929 2728 ὑποτιθέμενος.
989 2659 1063 2723 ὥς
1100 2659 1160 2712 δὲ
1197 2656 1410 2728 ἡμέραν
1437 2657 1678 2727 ἄσμενος
1707 2653 1839 2723 εἶδε,

128 2748 335 2814 Υπρώτα
370 2745 474 2812 μὲν
511 2742 809 2812 ἀποτέμνει
847 2748 943 2813 τῆς
980 2744 1152 2813 κόμης
1187 2742 1248 2797 τὸ
1285 2743 1709 2812 περιττότερον,
1749 2741 1844 2791 καὶ

142 2827 282 2883 ὅσον
309 2827 480 2898 αὐτῆς
506 2831 584 2891 εἰς
609 2826 671 2881 τὸ
698 2829 1151 2898 λῃστρικώτερον
1181 2826 1328 2892 εἶδος
1366 2825 1516 2893 παρὰ
1552 2834 1665 2886 τοῖς
1701 2826 1840 2891 βου--

143 2915 331 2978 κόλοις
368 2915 606 2985 ἤσκητο,
656 2918 756 2966 τοῦ
795 2914 867 2982 μή
911 2911 1288 2982 ἀποτρόπαιος
1334 2911 1370 2981 ἢ
1409 2911 1658 2970 ὕποπτος
1697 2903 1843 2959 εἶναι
