1916 3132
809 113 1071 162 TPITON
1724 107 1794 160 79

90 254 120 310 ὁ
163 255 397 310 ἐκείνων
433 262 592 323 παῖς,
632 247 776 306 καὶὸ
801 249 1006 303 τούτου
1029 248 1218 303 πάλιν.
1281 246 1418 316 μετὰ
1442 245 1704 312 τούτους,
1746 238 1792 299 ὦ

88 340 357 410 Κνήμων,
394 370 466 379 —-

199 445 251 478 τι
244 420 552 511 ’Κνήμωνξ
590 423 698 491 ἔφη
726 418 755 473 6
781 422 1047 489 Κνήμων.
1098 417 1270 471 πάλιν
1297 417 1403 487 γάρ
1430 437 1498 487 με
1523 421 1638 470 τῶν
1663 414 1794 486 ἡδί-

94 480 263 563 στων
283 506 641 576 ἀποστερεῖς,
692 527 733 560 ω
775 505 982 575 πάτερ,
1023 501 1200 557 αὐτόν
1236 523 1331 573 μοι
1367 500 1467 556 τὸν
1505 500 1687 572 ὕμνον
1725 499 1795 555 οὐ

41 616 62 650 ⁶
92 591 475 662 διερχόμενος,
525 590 716 661 ωσπερ
762 589 979 660 θεατήν
1026 608 1094 659 με
1140 590 1320 659 μόνον
1357 592 1473 642 τῶν
1510 585 1653 641 κατὰ
1691 585 1794 655 τήν

91 678 340 748 πομπήν,
380 674 508 731 ἀλλ’
538 674 662 745 οὐχὶ
699 676 794 729 καὶ
832 672 1116 744 ἀκροατὴν
1155 676 1412 737 καθίσας.

199 760 428 824 ἀκούοις
465 760 558 830 ἄν,
599 763 705 831 ἔφη
743 753 1135 829 ὁΚαλάσιρις,
1179 757 1483 828 ἐπειδήπερ
1520 755 1665 810 οὕτω
1704 771 1795 809 σοι

94 850 291 917 φίλον·
335 843 448 917 εἶχε
487 845 596 916 γὰρ
636 837 748 899 ὧδέ
783 863 900 907 πως
935 842 969 915 ἡ
1009 840 1142 915 ᾤδή.

382 933 470 983 τάν
496 936 633 982 Θέτιν
659 931 815 996 ἀείδω,
844 934 1150 994 χρυσοέθειρα
1175 933 1327 994 Θέτιν,

22 1035 66 1070 ,0
385 1008 567 1067 Νηρέος
592 1003 842 1053 ἀθανάταν
869 1005 1088 1052 εἰναλίοιο
1114 1003 1275 1065 κόραν,

384 1076 472 1125 τάν
497 1075 614 1131 Διὸς
639 1075 817 1138 ἐννεσίῃ
846 1074 994 1136 Πήλεϊ
1018 1076 1300 1136 γημαμέναν,

383 1147 470 1195 τάν
496 1146 606 1201 ἁλὸς
632 1145 847 1207 ἀγλαΐαν,
875 1145 1096 1207 ἁμετέραν
1126 1151 1344 1205 Παφίην·

385 1216 414 1279 ἢ
441 1217 524 1266 τὸν
550 1222 808 1278 δουριμανῆ
833 1214 965 1265 τόνδ’
997 1214 1127 1285 ’Ἄρεα
1151 1218 1404 1275 πτολέμων,

375 1289 593 1344 Ἑλλάδος
618 1287 895 1349 ἀστεροπάν,
922 1287 1122 1345 ἐξέτεκεν
1148 1286 1375 1348 λαγόνων,

28 1387 69 1422 15
388 1365 494 1408 δῖον
513 1359 733 1423 ᾈχιλλῄι,
757 1363 843 1408 τοῦ
868 1361 995 1413 κλέος
1020 1356 1259 1419 οὐράνιον,

390 1431 767 1495 τῷὺπὸἶΠῦρρα
790 1433 919 1479 τέκεν
944 1435 1094 1477 παῖδα
1121 1429 1467 1491 Νεοπτόλεμον,

388 1505 661 1560 περσέπολιν
692 1501 880 1564 Τρώων,
907 1500 1149 1562 ῥὐσίπολιν
1174 1505 1394 1547 Δαναῶν.

389 1573 566 1634 ἱλήκοις
589 1571 716 1635 ἥρως
741 1571 856 1634 ἄμμι
883 1572 1182 1632 Νεοπτόλεμε

389 1642 530 1707 ὄλβιε,
558 1643 775 1692 Πυθιάδι
800 1645 891 1691 νῦν
916 1645 1059 1704 χθονὶ
1084 1641 1359 1703 κευθόμενε,

27 1740 70 1773 20
390 1717 581 1775 δέχνυσο
607 1714 655 1762 δ’
683 1714 909 1776 εὐμενέων
933 1713 1075 1762 τάνδε
1099 1718 1384 1775 θυηπολίην,

389 1792 485 1834 πᾶν
510 1786 557 1833 δ’
584 1784 784 1846 ἀπέρυκε
809 1788 912 1840 δέος
937 1784 1157 1846 ἁμετέρας
1181 1783 1359 1838 πόλιος,

392 1857 480 1905 τὰν
506 1858 644 1905 Θέτιν
670 1855 827 1920 ἀείδω,
854 1858 1159 1919 χρυσοέθειρα
1184 1857 1339 1906 Θέτιν.

208 1934 235 1992 6
264 1939 368 2009 μὲν
395 1931 500 1993 οὖν
520 1939 698 2010 ὕμνος
723 1931 767 1994 ὦ
786 1939 1034 2008 Κνήμων
1059 1939 1195 2010 τῇδέ
1217 1957 1293 2008 πῃ
1321 1937 1633 2002 συνέκειτο,
1662 1933 1796 1989 καθ’
1825 1939 1861 1992 3

101 2018 237 2077 ὅσον
283 2026 389 2093 ἔχω
440 2027 938 2095 διαμνημονεύειν·
985 2026 1260 2078 τοσοῦτον
1309 2022 1375 2076 δέ
1417 2041 1470 2075 τι
1508 2020 1800 2091 ἐμμελείας

29 2136 73 2171 25
101 2111 305 2179 περιῆν
338 2119 453 2174 τοῖς
485 2119 700 2179 χοροῖς,
741 2111 835 2163 καὶ
872 2108 1017 2163 οὕτω
1052 2111 1386 2178 συμβαίνων
1414 2104 1443 2160 6
1474 2103 1671 2175 κρότος
1696 2108 1799 2158 τοῦ

100 2194 348 2264 βήματος
371 2193 512 2264 πρὸς
536 2195 599 2248 τὸ
624 2196 789 2265 μέλος
816 2195 1210 2264 ἐρρυθμίζετο,
1246 2191 1322 2257 ὣς
1355 2190 1455 2246 τὸν
1495 2188 1799 2260 ὀφθαλμὸν

101 2281 216 2331 τῶν
254 2275 560 2350 ὁρωμένων
596 2279 985 2350 ὑπερφρονεῖν
1019 2277 1133 2332 ὑπὸ
1166 2281 1262 2348 τῆς
1297 2275 1466 2347 ἀκοῆς
1491 2276 1799 2332 ἀναπείθε-

36 2367 38 2370 ’
104 2369 260 2434 σθαι,
287 2366 382 2419 καὶ
407 2365 876 2435 συμπαρέπεσθαι
902 2364 1374 2434 μεταβαινούσαις
1399 2361 1486 2416 ἀεὶ
1511 2371 1631 2426 ταῖς
1655 2380 1800 2430 παρ-

101 2449 295 2513 θένοις
330 2450 462 2515 τούς
499 2450 781 2521 παρόντας
818 2448 1006 2517 ω’σπερ
1042 2448 1157 2503 ὑπὸ
1192 2452 1291 2518 τῆς
1328 2446 1469 2501 κατὰ
1505 2445 1610 2517 τῆν
1648 2444 1802 2517 ςόδῆν

33 2559 75 2596 30
102 2532 274 2604 ἠχοῦς
301 2534 742 2605 ἐφελκομένους,
778 2535 881 2598 ε’ως
915 2535 1154 2589 κατόπιν
1189 2534 1421 2604 ἐφήβων
1448 2529 1681 2605 ἱππικὸν
1708 2531 1801 2584 καὶ

105 2616 136 2674 ὀ
173 2620 394 2673 τούτων
431 2621 708 2692 ἵππαρχος
746 2615 1050 2689 ἐκλάμψας
1073 2619 1244 2688 ἀκοῆς
1283 2620 1577 2686 κρείττονα
1620 2617 1802 2683 πάσης

32 2755 35 2758 ,
104 2702 210 2774 τήν
245 2723 361 2758 των
398 2707 589 2759 καλῶν
626 2705 769 2759 θέαν
806 2702 1114 2768 ἀπέδειξεν.
1196 2701 1225 2756 6
1263 2722 1368 2772 μεν
1407 2702 1514 2754 οὐν
1560 2696 1802 2767 ἀριθμὸς

35 2789 44 2851 ιζ
106 2787 238 2852 τούς
286 2789 538 2859 ἐφήβους
585 2790 663 2853 εἰς
699 2789 1051 2859 πεντήκοντα
1089 2788 1445 2854 συνέταττεν,
1491 2784 1701 2854 ἐμέριζε
1739 2781 1801 2833 δὲ

36 2877 46 2928 l
106 2876 273 2930 πέντε
298 2875 392 2929 καὶ
419 2879 632 2928 εἴκοσιν
658 2874 1028 2943 ἑκατέρωθεν,
1057 2870 1367 2943 μεσεύοντα
1397 2867 1496 2923 τὸν
1526 2866 1803 2937 ἀρχιθέω·
