1916 3132
138 71 281 122 W
310 62 640 142 θώων(
670 90 719 102 ·’

0 145 73 216 3
836 151 1084 198 ΕΚΤΟΝ
1705 149 1803 202 171

0 0 114 132 Ι
162 0 275 19 w*
313 0 401 36 rv
424 1 462 11 -·
705 0 843 46 ww
883 0 921 8 -
989 0 1527 49 vwmmuswm
1554 0 1598 8 -
1671 0 1916 49 ‘mys-»⁴21-

0 134 14 156 t

0 347 10 363 ⁷
52 324 53 329 =
104 297 222 351 τοῖς
255 285 530 350 τοιούτοις
565 285 598 356 ἡ
641 285 911 356 εὐτέλεια,
952 291 1146 341 οἴκτου
1176 306 1236 340 τε
1271 290 1489 355 μᾶλλον
1512 283 1550 356 ἦ
1578 287 1806 356 φθόνου

0 369 7 462 Ι
104 368 329 436 πέλας“
298 393 332 442 η
357 374 566 442 πενία),
605 375 704 441 τῆς
738 391 799 425 τε
834 368 968 424 καθ’
993 369 1207 441 ἡμέραν
1240 369 1556 441 ἀναγκαίου
1592 377 1807 442 τροφῆς

106 457 247 528 ῥᾷον
285 454 700 527 εὐπορήσομεν·
742 456 872 526 ξένῃ
910 454 1016 524 γὰρ
1050 456 1115 509 ἐν
1138 459 1212 527 γῇ
1236 457 1299 510 τὸ
1325 457 1430 526 μὲν
1457 453 1631 511 ὤνιον
1658 459 1807 511 σπά-

105 561 232 598 νιον
256 550 372 604 τοῖς
397 540 691 610 ἀγνοοῦσι,
730 541 793 596 τὸ
832 541 894 594 δὲ
921 540 1260 611 αἰτούμενον
1289 540 1665 611 εύμετάδοτον
1690 550 1807 604 τοῖς

0 634 8 686 j
43 645 73 691 ε»
106 627 382 682 ἐλεοῦσιν.

210 710 403 782 ἐπῄνει
427 715 605 766 ταῦτα
631 711 660 767 ὁ
689 711 1029 786 Καλάσιρις,
1070 710 1165 764 καὶ
1191 713 1420 780 ἔχεσθαι
1441 716 1540 781 τῆς
1569 709 1801 765 ὁδοιπο-
1825 716 1886 767 11

37 790 50 861 ζ
103 798 226 865 ρίας
264 797 602 852 ἐπέσπευδε·
639 806 756 860 τοῖς
792 816 851 850 τε
888 795 1018 863 περὶ
1043 797 1143 850 τὸν
1171 797 1500 850 Ναυσικλέα
1526 796 1622 850 καὶ
1646 798 1806 866 Κνή-

0 878 4 918 ἶ
26 870 55 934 *ἦ
100 901 260 951 μωνα
288 880 618 951 ἐντυχόντες
629 923 644 950 ,
672 882 778 951 τήν
802 900 863 935 τε
890 882 1086 946 ἔξοδον
1112 883 1545 949 κοινωσάμενοι,
1575 882 1654 945 εἰς
1680 885 1803 950 τρί-

0 1035 6 1050 ,-
100 987 203 1036 την
249 965 598 1036 ἐξώρμησαν,
647 965 781 1020 οὔτε
827 964 1155 1035 ὑποζύγιον,
1207 969 1306 1019 καί
1348 986 1435 1019 τοι
1480 966 1803 1034 διδόμενον,

0 1068 8 1150 Ι
65 1050 235 1107 οοῦτε
260 1050 586 1120 ἀνθρώπων
613 1050 820 1105 οὐδένα
858 1051 1218 1120 συνέμπορον
1254 1049 1657 1120 ἀνασχόμενοι,
1702 1054 1804 1104 τοῦ

100 1156 161 1191 τε
186 1137 580 1200 Ναυσικλέους
605 1137 698 1190 καὶ
724 1137 1037 1206 Κνήμωνος
1063 1136 1536 1204 προπεμπόντων,
1574 1134 1668 1189 καὶ
1703 1134 1806 1189 ἅλ-

0 1283 9 1295 ,
102 1224 206 1275 λου
242 1223 340 1290 τῆς
377 1222 557 1283 οἰκίας
593 1221 869 1291 πλήθους.
927 1221 1250 1290 προέπεμπε
1290 1221 1351 1273 δὲ
1389 1223 1482 1273 καὶ
1517 1217 1551 1289 ἡ
1580 1223 1803 1274 Ναυσί-

63 1319 83 1372 J
101 1308 287 1375 κλεια,
336 1308 520 1360 πολλὰ
566 1303 667 1359 τὸν
714 1308 927 1375 πατέρα
985 1307 1279 1374 ἐπιτρέψαι
1327 1304 1801 1374 καθικετεύσασα,

0 1387 6 1394 ’
73 1390 76 1394 ’
101 1393 199 1460 τῆς
223 1395 511 1461 νυμφικῆς
548 1392 746 1454 αἰδοῦς
782 1388 896 1444 ὑπὸ
925 1385 1196 1459 φίλτρου]
1206 1394 1308 1443 τοῦ
1336 1390 1465 1458 περὶ
1481 1382 1596 1458 [τὴν
1621 1393 1802 1459 Χαρί-

0 1480 6 1492 ⁵
100 1479 294 1529 κλειαν
334 1477 715 1546 ἐκνικηθεῖσα.
775 1477 870 1528 καὶ
909 1475 1052 1529 ὅσον
1090 1476 1257 1528 πέντε
1295 1476 1560 1536 σταδίους
1595 1478 1804 1543 προελ-

27 1586 28 1594 ¹
96 1560 299 1624 θόντες
319 1556 635 1647 ἱήσπάζοντό
655 1579 716 1613 τε
736 1558 1016 1629 άλλήλους
1035 1554 1104 1612 τὰ
1128 1563 1422 1613 τελευταῖα
1448 1557 1590 1612 κατὰ
1617 1561 1800 1628 γένος,

27 1679 28 1683 =
98 1643 307 1708 καὶτὰς
319 1620 510 1709 δεξιὰς
532 1646 855 1713 ἐνέβαλλον.
897 1644 1379 1712 ἐπιδακρύσαντες
1399 1642 1512 1697 δὲ”“’
1482 1659 1617 1698 οσον
1638 1647 1802 1698 πλεῖ-

0 1754 5 1783 ῑ
28 1736 43 1766 ‘
100 1744 252 1798 στου,
293 1731 387 1782 καὶ
425 1728 516 1783 ἐπὶ
541 1732 790 1798 βελτίοσι
816 1733 1173 1798 χωρισθῆναι
1198 1738 1319 1791 ταις
1343 1730 1536 1798 τύχαις
1564 1729 1802 1793 ἐπευξά-

97 1833 276 1884 μενοι,
316 1817 419 1868 τοῦ
452 1814 767 1883 Κνήμωνος
804 1814 865 1866 δὲ
905 1814 998 1866 καὶ
1037 1816 1383 1884 συγγνώμην
1422 1818 1716 1877 αἰτοῦντος
1755 1815 1806 1867 εἰ

34 1900 173 1970 ’.τομὴ
201 1898 988 1981 συμπορεύοιτοῇνεοπήκτους
1022 1900 1102 1952 ἔτι
1139 1898 1270 1962 τούς
1304 1899 1600 1967 θαλάμους
1635 1902 1798 1968 ἔχων,

101 1984 628 2052 ἐπικαταλήψεσθαί
661 2003 748 2051 τε,
791 1985 841 2037 εἰ
877 1983 1074 2053 καιρὸς
1109 1984 1350 2052 γένοιτο,
1391 1985 1799 2052 πλαττομένου,

100 2069 551 2138 διεχωρίσθησαν
577 2070 636 2122 οἳ
655 2068 760 2138 μὲν
799 2069 892 2122 ἐπὶ
918 2069 1160 2139 Χέμμιν·
1198 2067 1232 2139 ἡ
1260 2071 1568 2142 Χαρίκλεια
1608 2069 1669 2121 δὲ
1706 2069 1800 2122 καὶ

101 2151 132 2206 ὁ
156 2153 468 2222 Καλάσιρις
492 2157 687 2222 πρῶτα
712 2154 818 2221 μὲν
844 2154 923 2216 εἰς
947 2151 1229 2223 πτωχικὸν
1264 2153 1490 2223 πλάσμα
1524 2172 1802 2223 μετημφι-

34 2261 36 2275 2
101 2235 356 2306 έννυντο,
397 2236 629 2307 ῥάκεσιν
667 2237 904 2299 ἑαυτοὺς
941 2239 1610 2308 προπαρεσκευασμένοις
1638 2238 1801 2302 ἐξευ-

0 2314 87 2401 Ῥδ
99 2325 446 2391 τελίσαντες,
486 2325 676 2376 ἔπειτα
707 2321 824 2377 δὲ’
793 2344 826 2392 η
854 2326 1163 2394 Χαρίκλεια
1188 2323 1253 2376 τό
1278 2343 1338 2377 τε
1367 2324 1677 2393 πρόσωπον
1706 2323 1802 2376 ἐν-

33 2431 35 2452 s
99 2403 343 2476 ύβριζεν,
371 2395 643 2475 ἀσβόλου
645 2427 706 2461 τε
734 2409 985 2477 ἐντρίψει
1011 2405 1106 2461 καὶ
1132 2411 1317 2477 πηλοῦ
1344 2412 1667 2478 καταχρίσει
1692 2429 1800 2478 μο-

33 2508 35 2540 ῑ
101 2491 318 2546 λύνασα
344 2493 438 2545 καὶ
464 2493 783 2562 κρηδέμνου
810 2493 1105 2563 ρυπῶντος
1129 2494 1194 2547 τὸ
1220 2493 1544 2561 κράσπεδον
1570 2492 1682 2548 ἀπὸ
1701 2513 1801 2563 με-

42 2571 53 2636 'j
99 2576 291 2630 τωπου
325 2575 466 2630 κατὰ
500 2578 758 2680 θατέρου
783 2587 906 2631 τοῖν
932 2575 1259 2647 ὀφθαλμοῖν
1287 2577 1414 2642 εἰς’
1390 2577 1634 2632 άτακτον
1660 2597 1801 2645 προ-

102 2659 246 2714 κάλυ
287 2681 363 2731 μα
389 2644 761 2735 έπισοβοῦσα,
910 2683 981 2715 αν
1016 2681 1076 2716 τε
1102 2661 1213 2716 ὑπὸ
1238 2661 1434 2733 μάλης,
1463 2663 1671 2717 οὑτωσὶ
1695 2664 1802 2731 μὲν

0 2778 3 2780 -
45 2681 312 2808 Μίδεῑνξιψ
271 2749 485 2814 ψωμων
510 2750 684 2800 τινῶν
708 2664 1060 2802 καῖ-Ξὲδΐωύ
1083 2749 1265 2817 δῆθεν
1290 2757 1562 2817 ταμιεῖον,
1600 2766 1800 2815 χρειω-

105 2821 366 2896 δέστερον
392 2829 455 2883 δὲ
479 2833 576 2900 τῇς
596 2832 750 2909 ιερᾶς
770 2833 833 2886 ἐκ
854 2835 1107 2902 Δελφῶν
1127 2832 1365 2901 ἐσθῆτος
1383 2834 1476 2884 καὶ
1494 2851 1610 2884 των
1633 2845 1799 2898 στεμ-

56 2911 292 2980 μάτων
327 2933 464 3003 vco‘g-
477 2933 536 2967 τε
574 2911 1034 2970 συνεκτεθέντων
1067 2891 1344 2987 μἠΓτρςόων
1373 2917 1679 2988 κειμηλίων
1706 2914 1800 2966 καὶ
