1916 3132
177 0 289 51 mu
325 0 380 29 w
607 0 644 9 -
719 0 798 32 m
946 0 986 18 -ι
1264 0 1311 19 ,,
1429 0 1450 17 ,

0 431 43 469 2(

6 488 91 537 {mv

45 953 111 1004 27

125 53 225 106 148
782 58 1145 107 ΠΕΜΠΤΟΝ

129 212 256 261 νος,
287 193 579 262 συνθήκης
614 196 929 262 βαρυτέρας
965 196 1138 247 πλέον
1176 190 1210 261 ἦ
1248 197 1346 262 τῆς
1370 191 1543 262 μάχης
1576 190 1825 262 ὁριζομέ-

131 297 255 347 νης·
310 275 421 349 σὺν
468 277 550 331 ἑνὶ
588 277 694 346 γὰρ
734 270 1075 350 χιτωνίσκῳ]
1085 282 1183 347 τῆς
1220 277 1459 340 ὁλκάδος
1499 278 1827 341 ἐξίστασθαι

132 362 578 430 προηγορεύετο,
629 363 723 416 καὶ
761 365 1009 425 θάνατος
1046 367 1122 433 τῷ
1161 365 1571 430 παραβαίνοντι
1610 362 1824 430 διηπει-

128 450 296 500 λεῖτο.
349 445 478 499 ἀλλ’
507 449 679 524 ἔστιν,
708 469 792 549 Υ(ως
817 451 1019 521 ἔοικεν,
1057 445 1382 523 ανθρώποις
1419 445 1568 515 ψυχὴ
1577 437 1827 498 '‘noivtoev

127 530 565 610 προτιμότερον·
597 531 673 585 δι’
694 529 768 600 ἢν
789 532 882 586 καὶ
903 533 1027 586 τότε
1047 532 1107 585 οἱ
1122 535 1384 593 Φοίνικες
1405 522 1632 592 ἐλπίδος
1635 520 1828 584 πλού-

127 635 230 668 του
254 607 400 685 [τῆς]
429 614 568 678 νεώς
595 615 1053 686 άποσυλαίμενοι,
1082 615 1340 683 καθάπερ
1368 613 1435 668 οὐ
1462 616 1828 683 στερούμενοι

130 702 453 767 κερδαίνειν
500 701 561 752 δὲ
608 702 934 770 μέλλοντες,
986 702 1138 763 ὅστις
1185 699 1455 767 πρότερος
1491 701 1593 753 τόν
1631 700 1828 767 ἕτερον

131 784 360 854 φθάσας
388 785 612 853 ἐπιβαίη
639 789 742 838 τοῦ
780 786 1034 856 σκάφους
1057 783 1382 853 ἠπείγοντο,
1420 788 1632 837 θάττον
1660 784 1724 837 ἐν
1748 788 1825 854 τῷ

135 872 345 940 βεβαίῳ
371 873 779 937 τοῦπεριεῖναι
805 874 1072 938 γενέσθαι
1097 874 1205 930 πᾶς
1231 889 1311 932 τις
1337 867 1735 938 ἁμιλλώμενος.

244 954 364 1007 ἐπει
391 954 453 1005 δὲ
480 953 574 1005 και
601 951 755 1022 ἡμεῖς
779 958 855 1024 τῷ
885 953 1116 1023 δόγματι
1143 954 1472 1022 πειθόμενοι
1498 928 1828 1024 παρῄειμενξ

132 1034 168 1108 6
172 1041 468 1108 Τραχῖνος
506 1040 602 1105 τῆς
639 1042 975 1107 Χαρικλείας
1002 1038 1435 1106 ἐπιλαβόμενος,
1471 1035 1659 1104 οὐδέν,
1701 1039 1827 1107 ἔφη,

132 1120 272 1191 πρὸς
299 1122 361 1175 σε
389 1120 485 1174 ὅδε
513 1120 542 1173 ὁ
570 1122 836 1191 πόλεμος,
867 1123 909 1176 ὠ
941 1123 1204 1191 φιλτάτη,
1234 1119 1376 1174 ἄλλα
1398 1120 1489 1175 διὰ
1511 1123 1574 1176 σὲ
1594 1120 1829 1190 γεγένη-

131 1226 222 1259 ται
248 1205 342 1259 καὶ
368 1206 457 1258 σοὶ
478 1206 650 1258 πάλαι
677 1207 769 1259 καὶ
790 1206 846 1271 ἐξ
876 1207 945 1260 οὐ
971 1226 1034 1274 γε
1055 1206 1461 1259 άπολελοίπατε
1480 1204 1583 1275 τὴν
1604 1210 1829 1259 Ζακυν-

131 1293 281 1343 θίων
306 1291 535 1358 ἕπομαι,
566 1295 839 1344 τοσοῦτον
866 1291 1030 1344 ἕνεκα
1057 1300 1164 1344 σοῦ
1189 1292 1278 1343 καὶ
1311 1293 1549 1358 πέλαγος
1570 1289 1663 1342 καὶ
1691 1292 1819 1343 κίν-

135 1377 316 1428 δυνον
353 1372 782 1443 ἀναδεξάμενος.
848 1375 990 1429 ὥστε
1015 1378 1249 1443 θάρσει,
1289 1373 1381 1426 καὶ
1410 1380 1529 1428 ἴσθι
1556 1375 1823 1427 δέσποινα

135 1458 246 1512 σῦν
284 1456 418 1528 ἡμῖν
448 1460 629 1511 τῶνδε
668 1458 936 1513 ἁπάντων
965 1462 1218 1528 ἐσομένη.
1283 1462 1457 1511 ταῦτα
1485 1462 1700 1521 ἐκεῖνος
1723 1459 1827 1526 μὲν

134 1546 344 1611 ἔλεγεν,
372 1539 409 1610 ἥ
434 1542 499 1594 δέ
520 1546 659 1610 (ἔστι
686 1546 866 1613 γάρὶτι
888 1547 1070 1612 χρῆμα
1089 1546 1440 1612 σοφώτατον,
1469 1541 1670 1609 καιρὸν
1704 1544 1828 1595 δια-

134 1627 342 1680 θέσθαι
371 1628 732 1698 δραστήριος,
774 1628 882 1697 άμα
921 1629 984 1680 δέ
1019 1649 1072 1681 τι
1110 1631 1203 1681 και
1242 1632 1335 1696 τῆς
1374 1630 1509 1698 ἐμῆς
1533 1625 1828 1697 ὑποθήκης
1905 1670 1916 1678 .

137 1710 415 1781 άνύουσα)
454 1711 515 1765 τὸ
551 1712 795 1781 κατηφὲς
828 1733 945 1765 των
980 1713 1443 1780 περιεστηκότων
1453 1711 1554 1765 τοῦ
1579 1713 1827 1781 βλέμμα-

136 1815 230 1859 τος
248 1789 785 1865 dnoo‘uevoffiasshswy
796 1797 890 1848 καὶ
927 1816 1066 1864 προς
1091 1817 1151 1849 UO
1181 1797 1607 1866 ἐπαγωγοτδρον
1635 1796 1843 1864 ἐκβια-ι

137 1860 387 1949 σαμένηξ
413 1878 554 1934 ἄλλα
580 1887 734 1943 θεοῖς
757 1882 878 1949 μέν,
907 1884 1036 1950 ἔφη,
1073 1880 1230 1948 χάρις
1254 1890 1369 1942 τοῖς
1393 1900 1459 1933 τα
1487 1884 1818 1947 φιλανθρω-

137 1965 345 2033 πότερα
392 1965 520 2033 περὶ
557 1962 718 2033 ἡμῶν
759 1965 848 2017 ἐπὶ
896 1968 1036 2017 νοῦν
1074 1964 1170 2018 τὸν
1210 1964 1315 2017 σὸν
1353 1964 1620 2032 ἄγουσιν,
1671 1966 1722 2016 εἰ
1767 1964 1829 2018 δὲ

110 2047 333 2116 »βούλει
370 2069 438 2117 με
475 2052 552 2118 τῷ
601 2047 718 2101 ὄντι
763 2053 1098 2115 θαρροῦσαν
1148 2050 1240 2102 καὶ
1289 2052 1436 2117 ἔχειν
1488 2049 1580 2101 καὶ
1617 2048 1828 2117 μένειν,

137 2132 385 2200 προότην,
426 2135 560 2202 ἔφη,
602 2135 763 2185 δίδου
789 2133 997 2200 ταύτην
1024 2138 1290 2201 αἴσθησιν
1316 2138 1412 2201 τῆς
1437 2137 1537 2201 σῆς
1563 2131 1819 2195 εὐνοίας·

125 2214 387 2288 ἀδελφὸν
422 2216 645 2269 τουτονὶ
684 2215 784 2269 τὸν
811 2214 947 2284 ἐμὸν
986 2216 1077 2269 καὶ
1105 2217 1314 2282 πατέρα
1341 2220 1635 2285 περίσωζε,
1676 2216 1819 2285 μηδὲ

139 2298 400 2368 ἐπίτρεπε
424 2300 528 2368 τήν
553 2304 700 2352 ναῦν
726 2298 1042 2370 ἀπολιπεῖν,
1070 2300 1144 2364 ὠς
1183 2299 1288 2354 οὐκ
1327 2303 1479 2353 ἔστιν
1518 2299 1664 2361 ὅπως
1687 2297 1827 2368 βιώ-

145 2397 312 2452 σομαι
348 2384 566 2437 τούτων
601 2387 999 2453 χωριζομένων
1064 2388 1156 2438 και
1183 2384 1295 2453 άμα
1322 2386 1563 2452 λέγουσα
1588 2392 1704 2446 τοῖς
1728 2384 1830 2451 γό-

141 2482 273 2520 νασι
314 2470 682 2537 προσέπιπτε,
722 2469 815 2521 καὶ
855 2474 1026 2537 εἴχετο
1057 2469 1147 2522 ἐπὶ
1186 2473 1451 2522 πλεῖστον
1481 2468 1827 2535 ἱκετεύουσα,

140 2553 244 2604 τοῦ
285 2555 565 2620 Τραχίνου
602 2562 722 2614 ταῖς
758 2555 1120 2621 περιπλοκαῖς
1138 2542 1688 2621 Ἶέντρυφῶντοςῑκαὶ
1726 2549 1830 2619 τὴν

142 2632 448 2703 ὑπόσχεσιν
487 2637 742 2706 ἐπίτηδες
779 2639 1168 2702 παρέλκοντος.
1241 2634 1314 2698 ὦς
1362 2637 1422 2687 δὲ
1473 2633 1585 2690 ὑπό
1621 2656 1680 2689 τε
1716 2638 1830 2690 τῶν

147 2718 413 2787 δακρύων
451 2719 590 2788 πρὸς
639 2716 830 2773 οἶκτον
866 2721 1031 2789 ἤγετο
1069 2723 1162 2773 καὶ
1200 2717 1309 2772 ὑπὸ
1348 2724 1462 2773 τῶν
1499 2717 1831 2789 βλεμμάτων

144 2801 284 2873 πρὸς
307 2802 372 2856 τὸ
398 2801 654 2879 ὑπήκοον
683 2805 1007 2872 ἐδουλοῦτο,
1035 2803 1136 2874 τὴν
1162 2805 1338 2873 κόρην
1364 2803 1678 2873 ἀναστήσας
1689 2844 1704 2872 ,
1732 2802 1831 2857 τὸν

395 2878 481 2916 :rjnsv
496 2876 559 2907 fist·-
580 2888 641 2905 ’‘⁴⁸‘'

1858 967 1898 1002 10

1856 1390 1896 1423 15

1859 1811 1900 1844 20

1854 2231 1896 2266 25

1858 2650 1900 2684 30
