1916 3132
767 140 1058 190 ΟΓΔΟΟΝ
1661 137 1770 190 235

277 279 524 334 Αἰθιόπων
550 285 614 338 εἰς
638 291 779 344 γαῖαν
805 268 1223 342 ἆφίξεαιῖἅμμιγοῖ
1224 278 1386 342 κούρῃ,
1486 292 1677 349 frmi„
1719 311 1730 334 2
1777 312 1818 329 ψ
1859 315 1874 323 -
1910 315 1916 322 ,

351 361 532 416 δεσμῶν
553 352 802 415 Ἀρσακέων
828 350 995 414 αὔριον
1021 350 1345 414 ἐκπροφυγαῖν.

18 486 22 501 ·
70 451 191 524 ἐμοὶ
216 453 320 523 μὲν
347 445 455 505 οὖν
483 450 610 505 ὅποι
636 452 806 504 τείνει
833 450 895 503 τὸ
921 447 1214 518 χρήσμιον,
1254 450 1360 516 ἔχω
1387 444 1738 516 συμβάλλειν
1756 463 1767 473 ·

66 541 176 608 γῆν
212 539 316 608 μὲν
341 534 449 605 γὰρ
475 535 773 590 Αἰθιόπων
810 532 914 603 τήν
940 537 1054 587 τῶν
1081 535 1477 602 καταχθονίων
1503 533 1650 584 ἔοικε
1679 527 1768 582 λε’-

12 640 34 678 ι
69 643 212 693 γειν,
251 619 461 692 ἄμμιγα
498 622 559 674 δὲ
598 620 797 690 κούρῃ,
834 622 903 689 τῇ
929 618 1271 687 Περσεφόνῃ
1310 636 1378 685 με
1404 617 1771 681 συνέσεσθαι,

71 708 166 761 καὶ
192 710 362 761 λύσιν
387 707 613 776 δεσμῶν
639 703 744 773 τήν
777 705 1013 757 ἐνθένδε
1040 701 1150 756 ἀπὸ
1176 706 1276 755 τοῦ
1305 704 1562 770 σώματος
1588 698 1771 752 ἀπαλ-

72 793 267 862 λαγήν.
325 793 413 844 σοὶ
441 791 502 843 δὲ
528 789 639 858 ἄρα
665 793 722 842 τί
745 789 942 857 φράζει
975 786 1038 841 τὸ
1065 791 1215 855 ἔπος,
1256 785 1435 849 οὕτως
1463 785 1518 849 ἐξ
1548 786 1772 855 ἐναντιῘ-
1813 793 1816 795 ’

73 897 153 932 ων
181 874 321 944 πρὸς
348 873 513 931 ἑαυτὸ
540 877 938 943 συγκείμενον;
978 870 1229 941 τοῦνομα
1267 873 1372 940 μὲν
1405 869 1772 940 ἡιπαντάρβη

72 961 256 1015 πάντα
284 962 611 1030 φοβουμένη
650 961 829 1029 δηλοῖ,
869 950 931 1012 τὸ
971 959 1338 1026 παράγγελμα
1375 956 1437 1009 δὲ
1475 955 1547 1024 μὴ
1586 956 1773 1008 δεδοι-

17 1062 59 1101 10
73 1047 231 1100 κέναι
257 1044 360 1114 τὴν
398 1043 589 1112 πυρὰν
615 1043 775 1108 άξιοῖ.
832 1043 925 1096 καὶ
950 1041 983 1112 ἡ
1010 1046 1336 1113 Χαρίκλεια,
1364 1035 1409 1094 63
1435 1042 1772 1110 γλυκύτατε,

73 1133 202 1200 ἔφη,
233 1130 527 1198 Θεάγενες,
558 1128 590 1196 ἡ
620 1130 898 1197 συνήθειά
927 1141 988 1180 σε
1015 1131 1130 1181 τῶν
1156 1129 1601 1196 δυστυχημάτων
1628 1126 1775 1177 πάν-

0 1283 2 1286 y
73 1235 140 1269 τα
167 1214 308 1286 πρὸς
333 1213 396 1267 τὸ
423 1212 782 1282 φαυλότατον
808 1221 964 1265 νοεῖν
984 1231 1042 1265 τε
1069 1211 1162 1263 καὶ
1190 1213 1428 1276 εἰκάζειν
1455 1209 1776 1279 παρεσκεύ-

75 1314 199 1355 ασε·
230 1302 389 1369 φιλει
408 1297 515 1367 γὰρ
543 1296 847 1365 άνθρωπος
871 1295 1010 1362 πρὸς
1035 1297 1101 1349 τά
1130 1301 1524 1366 συμπίπτοντα
1549 1295 1777 1363 τρέπειν

74 1381 178 1454 τὴν
202 1383 448 1486 γνώμην.
503 1383 846 1464 χρηστότερα
874 1383 933 1435 δε
958 1377 995 1450 ἠ
1022 1380 1095 1444 ω’ς
1120 1395 1209 1434 σοι
1235 1384 1571 1484 παρίσταται
1596 1400 1785 1449 gamm——

0 1485 163 1537 :nsaw
197 1488 291 1538 μοι
329 1470 394 1521 τὰ
431 1468 822 1536 μαντευθέντα
857 1469 1137 1536 φαίνεται,
1181 1467 1273 1520 καὶ
1306 1464 1339 1536 ἡ
1375 1467 1516 1535 κόρη
1553 1463 1674 1533 ταχ’
1703 1464 1778 1518 ἀν

77 1558 200 1623 εἴην
228 1553 358 1622 ἐγω’,
397 1551 526 1622 μεθ’
548 1547 615 1620 ἦς
641 1567 704 1605 σε
729 1552 996 1620 πατρίδος
1020 1554 1118 1620 τῆς
1154 1554 1290 1621 ἐμῆς
1315 1554 1623 1614 Αἰθιοπίας
1650 1551 1779 1604 ἐπι-

26 1695 27 1698 ,
75 1640 356 1709 βήσεσθαι
394 1638 808 1706 ἐπαγγέλλεται,
839 1635 1118 1706 Ἀρσάκην
1149 1639 1242 1689 καὶ
1276 1634 1344 1689 τὰ
1379 1636 1556 1706 δεσμὰ
1576 1634 1776 1704 Ἀρσά-

0 1749 2 1751 >
77 1742 178 1793 κης
203 1722 591 1791 ἀποφυγόντα.
653 1719 715 1774 τὸ
742 1722 803 1774 δὲ
831 1719 998 1789 ὅπως,
1025 1721 1158 1790 ἡμῖν
1184 1722 1288 1789 μὲν
1315 1718 1447 1775 οὔτε
1473 1723 1617 1790 δῆλα
1645 1719 1779 1774 οὔτε

79 1808 307 1876 ἄπιστα,
345 1814 501 1870 θεοῖς
538 1806 600 1859 δὲ
639 1807 732 1860 καὶ
771 1804 984 1858 δυνατὰ
1025 1808 1119 1859 καὶ
1156 1806 1388 1875 μελήσει
1424 1817 1542 1871 τοῖς
1580 1806 1674 1859 καὶ
1712 1804 1779 1858 τοὶ

0 1893 438 1962 Ιφομαντεύματα
477 1893 744 1964 va.
805 1887 838 1959 ἡ
879 1894 1020 1957 γοῦν
1059 1893 1138 1954 εἰς
1175 1891 1269 1960 ἐμὲ
1308 1875 1620 1960 πρόρρησις
1652 1887 1780 1959 ἤδη,

79 1974 154 2040 ὥς
180 1973 367 2046 οἶσθα,
394 1970 708 2046 βῖυλήματι
732 1980 810 2047 τῷ
839 1975 1077 2029 ἐκείνων
1104 1977 1435 2044 τετέλεσται,
1473 1975 1566 2029 καὶ
1593 1979 1664 2041 ζῶ
1691 1990 1783 2028 σοι

80 2059 143 2116 τό
170 2061 357 2130 παρὸν
382 2061 415 2132 ἡ
455 2065 736 2123 παντοίως
761 2059 1188 2114 ἀπελπισθεϊσα.
1253 2061 1343 2114 καὶ
1372 2063 1655 2131 σωτηρίαν
1684 2061 1782 2128 ἐμ-

82 2150 253 2216 αυτῆς
280 2148 595 2216 ἐπαγομένη
623 2148 748 2199 τότε
785 2146 889 2215 μὲν
913 2144 1184 2215 η’γνόουν,
1225 2149 1457 2215 συνίημι
1483 2147 1544 2198 δὲ
1571 2145 1634 2198 τὸ
1673 2164 1780 2197 πα-

85 2231 206 2301 ρόν,
247 2252 321 2294 ως
359 2234 519 2285 ἔοικε.
585 2231 667 2305 τά
673 2229 807 2322 γὰρ
847 2232 1261 2285 συνεκτεθέντα
1287 2251 1380 2300 μοι
1418 2233 1781 2317 γνωριι-ῖματα

1 2337 6 2345 ·
30 2316 176 2383 usual
202 2316 353 2384 παρὰ
380 2315 510 2378 τούς
536 2296 859 2385 ἔμπροσθεν
875 2314 959 2369 άεὶ
979 2318 1223 2384 χρόνους
1245 2309 1616 2384 ἐπιφερεσθαι
1636 2333 1782 2382 προ-

85 2402 385 2471 νοουμένη,
412 2401 535 2454 τότε
562 2399 655 2453 καὶ
681 2403 873 2468 πλέον,
899 2404 1000 2469 τῆς
1026 2400 1261 2469 κρίσει-ἇς
1285 2419 1378 2469 μοι
1404 2400 1786 2468 γενησομένης

86 2485 180 2539 καὶ
202 2489 298 2555 τῆς
322 2489 645 2548 τελευταίας
671 2487 1159 2554 προσδοκωμένης,
1197 2486 1325 2553 περὶ
1362 2488 1429 2554 τῇ
1448 2485 1649 2554 γαστρὶ
1676 2488 1780 2549 ζω-

89 2571 298 2639 σαμένη
337 2571 531 2639 κρύφα
571 2571 898 2638 ἐτύγχανον,
951 2573 1002 2623 εἰ
1034 2572 1139 2636 μὲν
1177 2573 1471 2639 σωζοίμην,
1513 2567 1785 2633 εὐπορίαν

87 2654 218 2721 βίου
256 2654 348 2707 καὶ
386 2658 500 2707 τῶν
537 2653 880 2723 ἀναγκαίων,
922 2656 971 2707 εἰ
994 2654 1060 2708 δέ
1091 2675 1142 2707 τι
1168 2656 1455 2723 πάσχοιμι,
1498 2656 1783 2706 καλλωπί-

0 2753 11 2786 3
37 2736 270 2806 wopam
298 2741 498 2807 ἔσχατα
525 2739 619 2791 καὶ
651 2739 888 2807 ἐντάφια
914 2737 1282 2808 γενησόμενα.
1351 2739 1414 2791 ἐν
1447 2738 1514 2806 δὴ
1544 2740 1783 2802 τούτοις,

0 2835 8 2839 ”
90 2812 136 2873 ὦ
164 2822 453 2890 Θεάγενες,
489 2817 656 2877 οὖσιν
692 2822 887 2893 ὅρμοις
923 2824 1254 2876 πολυτελέσι
1281 2822 1374 2876 καὶ
1401 2826 1585 2883 λίθοις
1614 2821 1785 2887 ἐριτί-

10 2952 14 2956 .
89 2903 478 2974 μοιςἸνδικοῖς
503 2928 560 2961 τε
587 2910 680 2961 καὶ
701 2911 1079 2976 Αἰθιοπικοῖς,
1110 2910 1224 2982 ἔστι
1251 2909 1318 2977 δὴ
1349 2909 1438 2959 καὶ
1467 2906 1786 2972 δακτύλιος,
