1916 3132
79 28 83 31 ⁴
156 49 230 104 52
879 51 1043 95 LIBRI
1071 51 1138 95 111

263 171 383 225 VII.
460 171 609 225 Haec
655 171 899 241 profatus
945 190 1160 225 rursum
1205 171 1441 226 lacrimis
1483 174 1688 228 obortis
1724 194 1844 245 por-

146 247 418 316 rectisque
458 247 513 299 in
551 265 667 315 pre·
707 246 781 315 [p.
804 246 891 298 43.
917 246 1005 316 E]
1045 265 1132 300 ces
1163 247 1412 300 manibus
1450 266 1546 316 per
1573 248 1844 318 publicam

154 321 575 375 misericordiam
583 363 598 390 ‚
644 339 739 389 per
777 321 1065 391 pignorum
1115 322 1393 374 caritatem
1442 325 1684 376 maestus
1715 326 1844 378 tunc

154 395 256 449 hos
310 399 439 448 tunc
493 394 616 447 illos
672 395 1006 464 deprecabar.
1082 414 1309 465 cumque
1355 396 1461 448 iam
1511 396 1843 452 humanitate
1901 416 1903 418 ·

155 473 452 524 commotos
465 511 479 538 ,
525 469 891 522 misericordia
939 470 1163 523 fletuum
1215 470 1452 523 adfectos
1500 472 1674 524 omnis
1713 473 1845 526 satis
1867 494 1890 529 5

155 545 439 613 crederem,
480 542 622 596 Solis
662 546 716 596 et
752 542 998 597 Iustitiae
1038 547 1266 621 testatus
1307 528 1846 617 oculumlcasumque

154 621 490 688 praesentem
515 636 694 671 meum
711 619 1087 671 commendans
1106 619 1263 671 deiim
1278 618 1662 690 prouidentiae,
1685 620 1845 690 paulo

156 693 319 745 altius
357 695 577 762 aspectu
615 692 752 745 elato
793 693 1063 762 conspicio
1102 711 1322 762 prorsus
1354 697 1530 746 totum
1560 695 1846 764 populum:

156 768 270 821 risu
311 766 666 820 cachinnabili
699 767 1016 820 diffluebant
1037 799 1111 804 —
1141 786 1239 820 nec
1270 786 1421 820 secus
1460 768 1614 821 illum
1645 769 1846 822 bonum

155 842 427 911 hospitem
481 845 861 911 parentemque
915 860 1094 894 meum
1140 841 1396 895 Milonem
1451 842 1563 895 risu
1612 844 1846 896 maximo
1872 866 1916 899 10

158 916 493 969 dissolutum.
572 919 627 968 at
673 919 802 968 tunc
841 915 919 968 sic
964 915 1160 968 tacitus
1199 934 1407 969 mecum
1455 915 1541 969 ‘en
1578 917 1731 970 fides'
1770 919 1846 971 in-

159 1009 320 1060 quam
360 991 447 1043 ‘en
485 990 806 1042 constantia:
862 1007 961 1059 ego
1003 990 1217 1059 quidem
1263 1008 1361 1059 pro
1407 990 1638 1060 hospitis
1676 991 1848 1045 salute

158 1069 214 1118 et
250 1064 521 1117 homicida
559 1083 678 1116 sum
719 1067 772 1116 et
810 1083 933 1116 reus
973 1064 1163 1133 capitis
1209 1065 1453 1134 inducor,
1505 1067 1560 1117 at
1605 1065 1714 1119 ille
1740 1084 1849 1119 11011

161 1141 445 1192 contentus
479 1139 622 1207 quod
652 1138 787 1190 mihi
818 1157 915 1191 nec
947 1138 1241 1191 adsistendi
1273 1139 1530 1192 solacium
1562 1139 1850 1210 perhibuit,

159 1214 381 1282 insuper
419 1213 644 1265 exitium
683 1231 862 1265 meum
903 1212 1219 1266 cachinnat.⁹
1873 1235 1915 1269 15

270 1286 422 1340 VIII.
475 1285 626 1339 Inter
654 1286 785 1340 haec
817 1287 1077 1356 quaedam
1115 1287 1309 1340 mulier
1346 1306 1441 1356 per
1471 1279 1723 1341 medium
1735 1287 1848 1341 the-

161 1365 337 1414 atrum
375 1361 660 1414 lacrimosa
710 1365 763 1414 et
801 1362 1018 1431 flebilis,
1065 1364 1181 1414 atra
1225 1364 1375 1414 ueste
1424 1365 1687 1431 contecta,
1732 1381 1848 1432 par-

162 1436 350 1489 uulum
399 1437 662 1505 quendam
710 1436 831 1489 sinu
882 1424 1147 1489 tolerans
1164 1436 1398 1489 decurrit
1443 1455 1504 1489 30
1548 1455 1686 1506 pone
1732 1455 1849 1490 eam

162 1528 295 1563 anus
349 1510 453 1562 alia
504 1511 697 1579 pannis
749 1510 982 1563 horridis
1036 1510 1212 1562 obsita
1271 1510 1595 1580 paribusque
1647 1514 1851 1564 maesta

161 1584 400 1653 fletibus,
454 1603 631 1637 ramos
679 1584 982 1655 oleagineos
1036 1588 1292 1654 utraeque
1340 1585 1639 1654 quatientes
1646 1628 1662 1655 ‚
1715 1603 1848 1655 quae
1873 1606 1916 1640 so

165 1658 516 1711 circumfusae
554 1658 827 1727 lectulum,
868 1678 973 1728 quo
1012 1662 1412 1728 peremptorum
1444 1660 1701 1712 cadauera
1731 1678 1850 1716 con-

163 1733 304 1786 iecta
340 1732 567 1801 fuerant,
605 1733 861 1802 plangore
893 1732 1105 1785 sublato
1139 1753 1194 1786 se
1224 1733 1527 1804 lugubriter
1555 1733 1850 1787 heiulantes

165 1807 280 1876 ‘per
316 1806 587 1875 publicam
626 1806 1057 1875 misericordiam,
1095 1823 1190 1875 per
1228 1826 1507 1860 commune
1546 1808 1631 1860 ius
1667 1808 1850 1876 huma·

167 1881 374 1933 nitatis'
422 1881 574 1933 aiunt
619 1880 964 1933 ‘miseremini
1002 1880 1220 1950 indigne
1275 1900 1547 1934 caesorum
1597 1882 1851 1935 iuuenum

166 1958 485 2024 nostraeque
523 1955 775 2007 uiduitati
815 1973 875 2007 30
914 1953 1192 2006 solitudini
1231 1955 1294 2006 de
1326 1955 1563 2008 uindicta
1594 1955 1850 2008 solacium
1873 1974 1916 2010 2⁵

168 2030 301 2082 date.
365 2032 505 2082 certe
536 2029 749 2098 paruuli
778 2029 938 2081 huius
977 2028 1033 2080 in
1063 2028 1252 2096 primis
1285 2029 1436 2081 annis
1470 2029 1715 2082 destituti
1744 2030 1848 2082 for-

167 2104 314 2155 tunis
354 2103 646 2156 succurrite
686 2107 739 2155 et
779 2103 841 2156 de
878 2103 1103 2155 latronis
1140 2102 1301 2154 huius
1341 2104 1598 2173 sanguine
1639 2103 1849 2174 legibus

167 2177 363 2245 uestris
403 2180 457 2229 et
496 2177 805 2247 disciplinae
842 2176 1086 2246 publicae
1123 2176 1311 2229 litate?

279 2251 413 2303 Post
448 2250 581 2304 haec
618 2252 965 2322 magistratus
1005 2251 1098 2319 qui
1135 2253 1264 2302 natu
1306 2251 1478 2303 maior
1516 2251 1758 2321 adsurgit
1796 2253 1850 2304 et

170 2325 236 2377 ad
272 2324 531 2393 populum
562 2326 693 2378 talia
731 2326 813 2378 ‘de
854 2325 1047 2378 scelere
1088 2324 1324 2394 quidem,
1372 2325 1515 2393 quod
1561 2326 1698 2378 serio
1738 2325 1851 2378 uin-
1875 2345 1916 2379 su

172 2399 454 2452 dicandum
495 2403 598 2468 est,
652 2418 748 2452 nec
794 2400 908 2469 ipse
956 2399 1049 2468 qui
1095 2398 1363 2451 commisit
1401 2402 1580 2468 potest
1618 2399 1853 2468 diffiteri,

291 2594 318 2633 5
352 2589 453 2635 offis
486 2591 539 2647 (“
570 2590 676 2634 add.
708 2604 765 2634 m.
789 2605 826 2634 r.
852 2590 967 2644 fuit:
999 2587 1185 2632 adfecto
1219 2589 1365 2645 sonis3
1400 2597 1499 2634 offis
1531 2606 1567 2646 φ
1689 2594 1714 2632 6
1747 2602 1854 2633 ocu-

172 2678 272 2722 lum
301 2678 337 2721 F
368 2680 432 2736 (m
463 2679 516 2722 in
545 2678 654 2734 ras.)
688 2677 825 2721 oculu
857 2679 935 2732 φδ
1054 2681 1080 2720 8
1120 2676 1246 2721 elato
1286 2691 1365 2735 eqo
1404 2678 1463 2722 R.
1488 2679 1531 2722 d.
1558 2679 1666 2733 Ph„
1698 2678 1856 2723 Rohde

174 2737 325 2782 relato
340 2739 480 2806 uulyo
543 2741 568 2780 9
595 2735 874 2781 diffluebant
895 2737 980 2791 qu
1013 2735 1292 2780 defluentem
1316 2739 1346 2780 ὃ
1407 2741 1459 2780 11
1487 2750 1542 2780 30
1567 2748 1605 2791 φ
1669 2741 1723 2780 12
1747 2750 1855 2781 con-

176 2796 354 2841 stantia
377 2797 540 2866 scripsi
571 2795 857 2840 conscientia
881 2797 980 2840 cdd
1074 2800 1127 2839 18
1161 2795 1366 2839 decussit
1389 2797 1487 2840 cdd.
1579 2801 1650 2839 21.
1668 2801 1724 2839 22
1747 2809 1856 2840 con-

177 2855 300 2900 iecta
330 2857 495 2914 scripsi
523 2856 579 2911 cf.
612 2860 683 2898 46
703 2860 756 2898 19
789 2857 1004 2899 contecta
1034 2856 1134 2900 cdd.
1257 2859 1311 2898 22
1340 2854 1657 2912 *plangum-e*
1686 2854 1722 2898 F
