<?xml version="1.0" encoding="UTF-8"?>
<!DOCTYPE html PUBLIC "-//W3C//DTD XHTML 1.0 Transitional//EN"
    "http://www.w3.org/TR/xhtml1/DTD/xhtml1-transitional.dtd">
<html xmlns="http://www.w3.org/1999/xhtml" xml:lang="en" lang="en">
 <head>
  <title>
</title>
<meta http-equiv="Content-Type" content="text/html;charset=utf-8" />
  <meta name='ocr-system' content='tesseract 3.04.00' />
  <meta name='ocr-capabilities' content='ocr_page ocr_carea ocr_par ocr_line ocrx_word'/>
</head>
<body>
  <div class='ocr_page' id='page_1' title='image "./aethiopicorumlib00heliuoft_0443.png"; bbox 0 0 1916 3132; ppageno 0'>
   <div class='ocr_carea' id='block_1_1' title="bbox 1592 132 1793 192">
    <p class='ocr_par' dir='ltr' id='par_1_1' title="bbox 1532 98 1793 192">
     <span class='ocr_line' id='line_1_1' title="bbox 1592 132 1793 192; baseline 0 0"><span class='ocrx_word' id='word_1_1' title='bbox 1592 132 1621 145; x_wconf 61' lang='grc'><em>“</em></span> <span class='ocrx_word' id='word_1_2' title='bbox 1720 139 1793 192; x_wconf 85' lang='lat'>83</span> 
     </span>
    </p>
   </div>
   <div class='ocr_carea' id='block_1_2' title="bbox 102 259 1795 554">
    <p class='ocr_par' dir='ltr' id='par_1_2' title="bbox 102 259 1795 554">
     <span class='ocr_line' id='line_1_2' title="bbox 102 259 1795 331; baseline -0.001 -16"><span class='ocrx_word' id='word_1_3' title='bbox 102 262 324 315; x_wconf 86' lang='lat' dir='ltr'>uirtutis</span> <span class='ocrx_word' id='word_1_4' title='bbox 363 263 564 316; x_wconf 89' lang='lat' dir='ltr'>oblitus</span> <span class='ocrx_word' id='word_1_5' title='bbox 610 261 717 315; x_wconf 90' lang='lat' dir='ltr'>iam</span> <span class='ocrx_word' id='word_1_6' title='bbox 754 261 1000 314; x_wconf 87' lang='lat' dir='ltr'>faucibus</span> <span class='ocrx_word' id='word_1_7' title='bbox 1040 262 1173 331; x_wconf 91' lang='lat' dir='ltr'>ipsis</span> <span class='ocrx_word' id='word_1_8' title='bbox 1218 261 1419 314; x_wconf 87' lang='lat' dir='ltr'>hiantis</span> <span class='ocrx_word' id='word_1_9' title='bbox 1461 259 1678 314; x_wconf 85' lang='lat' dir='ltr'>Cerberi</span> <span class='ocrx_word' id='word_1_10' title='bbox 1718 281 1795 314; x_wconf 91' lang='lat' dir='ltr'>re-</span> 
     </span>
     <span class='ocr_line' id='line_1_3' title="bbox 102 321 1794 405; baseline 0 -17"><span class='ocrx_word' id='word_1_11' title='bbox 102 321 367 390; x_wconf 53' lang='lat' dir='ltr'>luctabat.)</span> <span class='ocrx_word' id='word_1_12' title='bbox 402 355 645 390; x_wconf 82' lang='lat' dir='ltr'>scaenam</span> <span class='ocrx_word' id='word_1_13' title='bbox 669 336 897 405; x_wconf 90' lang='lat' dir='ltr'>denique</span> <span class='ocrx_word' id='word_1_14' title='bbox 922 354 1082 405; x_wconf 89' lang='lat' dir='ltr'>quam</span> <span class='ocrx_word' id='word_1_15' title='bbox 1115 339 1304 405; x_wconf 86' lang='lat' dir='ltr'>sponte</span> <span class='ocrx_word' id='word_1_16' title='bbox 1338 339 1641 405; x_wconf 76' lang='lat' dir='ltr'>sumpserat</span> <span class='ocrx_word' id='word_1_17' title='bbox 1672 354 1794 388; x_wconf 90' lang='lat' dir='ltr'>cum</span> 
     </span>
     <span class='ocr_line' id='line_1_4' title="bbox 102 410 1794 480; baseline -0.001 -17"><span class='ocrx_word' id='word_1_18' title='bbox 102 411 281 463; x_wconf 90' lang='lat' dir='ltr'>anima</span> <span class='ocrx_word' id='word_1_19' title='bbox 310 411 561 480; x_wconf 77' lang='lat' dir='ltr'>retinen8‚</span> <span class='ocrx_word' id='word_1_20' title='bbox 592 429 732 463; x_wconf 87' lang='lat' dir='ltr'>nunc</span> <span class='ocrx_word' id='word_1_21' title='bbox 771 410 983 480; x_wconf 84' lang='lat' dir='ltr'>fugiens</span> <span class='ocrx_word' id='word_1_22' title='bbox 1014 428 1156 463; x_wconf 92' lang='lat' dir='ltr'>nunc</span> <span class='ocrx_word' id='word_1_23' title='bbox 1188 411 1444 463; x_wconf 80' lang='lat' dir='ltr'>resistens</span> <span class='ocrx_word' id='word_1_24' title='bbox 1484 410 1649 463; x_wconf 90' lang='lat' dir='ltr'>uariis</span> <span class='ocrx_word' id='word_1_25' title='bbox 1681 428 1794 463; x_wconf 86' lang='lat' dir='ltr'>cor-</span> 
     </span>
     <span class='ocr_line' id='line_1_5' title="bbox 102 484 1793 554; baseline -0.001 -16"><span class='ocrx_word' id='word_1_26' title='bbox 102 486 247 554; x_wconf 91' lang='lat' dir='ltr'>poris</span> <span class='ocrx_word' id='word_1_27' title='bbox 286 486 370 538; x_wconf 91' lang='lat' dir='ltr'>sui</span> <span class='ocrx_word' id='word_1_28' title='bbox 409 485 638 539; x_wconf 85' lang='lat' dir='ltr'>schemis</span> <span class='ocrx_word' id='word_1_29' title='bbox 678 503 738 537; x_wconf 91' lang='lat' dir='ltr'>ac</span> <span class='ocrx_word' id='word_1_30' title='bbox 776 485 1016 537; x_wconf 88' lang='lat' dir='ltr'>motibus</span> <span class='ocrx_word' id='word_1_31' title='bbox 1056 485 1271 538; x_wconf 88' lang='lat' dir='ltr'>tandem</span> <span class='ocrx_word' id='word_1_32' title='bbox 1311 484 1469 537; x_wconf 92' lang='lat' dir='ltr'>domo</span> <span class='ocrx_word' id='word_1_33' title='bbox 1509 484 1793 554; x_wconf 89' lang='lat' dir='ltr'>prolapsus</span> 
     </span>
    </p>
   </div>
   <div class='ocr_carea' id='block_1_3' title="bbox 58 558 1792 628">
    <p class='ocr_par' dir='ltr' id='par_1_3' title="bbox 58 558 1792 628">
     <span class='ocr_line' id='line_1_6' title="bbox 58 558 1792 628; baseline -0.001 -16"><span class='ocrx_word' id='word_1_34' title='bbox 58 580 78 611; x_wconf 81' lang='lat'><strong>⁵</strong></span> <span class='ocrx_word' id='word_1_35' title='bbox 103 563 198 612; x_wconf 88' lang='lat' dir='ltr'>est.</span> <span class='ocrx_word' id='word_1_36' title='bbox 260 577 357 612; x_wconf 93' lang='lat' dir='ltr'>nec</span> <span class='ocrx_word' id='word_1_37' title='bbox 394 563 573 612; x_wconf 89' lang='lat' dir='ltr'>tamen</span> <span class='ocrx_word' id='word_1_38' title='bbox 620 559 867 628; x_wconf 88' lang='lat' dir='ltr'>quamuis</span> <span class='ocrx_word' id='word_1_39' title='bbox 914 559 1129 628; x_wconf 91' lang='lat' dir='ltr'>publica</span> <span class='ocrx_word' id='word_1_40' title='bbox 1174 559 1380 628; x_wconf 91' lang='lat' dir='ltr'>potitus</span> <span class='ocrx_word' id='word_1_41' title='bbox 1425 558 1674 612; x_wconf 91' lang='lat' dir='ltr'>libertate</span> <span class='ocrx_word' id='word_1_42' title='bbox 1714 578 1792 611; x_wconf 91' lang='lat' dir='ltr'>sa-</span> 
     </span>
    </p>
   </div>
   <div class='ocr_carea' id='block_1_4' title="bbox 101 633 1794 704">
    <p class='ocr_par' dir='ltr' id='par_1_4' title="bbox 101 633 1794 704">
     <span class='ocr_line' id='line_1_7' title="bbox 101 633 1794 704; baseline -0.001 -17"><span class='ocrx_word' id='word_1_43' title='bbox 101 634 269 687; x_wconf 88' lang='lat' dir='ltr'>lutem</span> <span class='ocrx_word' id='word_1_44' title='bbox 322 633 452 704; x_wconf 79' lang='lat' dir='ltr'>fuga</span> <span class='ocrx_word' id='word_1_45' title='bbox 506 651 757 704; x_wconf 84' lang='lat' dir='ltr'>quaerere</span> <span class='ocrx_word' id='word_1_46' title='bbox 803 633 1005 703; x_wconf 84' lang='lat' dir='ltr'>potuit,</span> <span class='ocrx_word' id='word_1_47' title='bbox 1054 634 1251 703; x_wconf 88' lang='lat' dir='ltr'>quippe</span> <span class='ocrx_word' id='word_1_48' title='bbox 1299 633 1479 686; x_wconf 89' lang='lat' dir='ltr'>cuncti</span> <span class='ocrx_word' id='word_1_49' title='bbox 1526 651 1680 686; x_wconf 91' lang='lat' dir='ltr'>canes</span> <span class='ocrx_word' id='word_1_50' title='bbox 1729 633 1794 686; x_wconf 90' lang='lat' dir='ltr'>de</span> 
     </span>
    </p>
   </div>
   <div class='ocr_carea' id='block_1_5' title="bbox 99 699 1867 854">
    <p class='ocr_par' dir='ltr' id='par_1_5' title="bbox 99 699 1867 854">
     <span class='ocr_line' id='line_1_8' title="bbox 99 699 1798 778; baseline 0 -18"><span class='ocrx_word' id='word_1_51' title='bbox 99 708 344 776; x_wconf 85' lang='lat' dir='ltr'>proximo</span> <span class='ocrx_word' id='word_1_52' title='bbox 384 699 687 778; x_wconf 57' lang='lat' dir='ltr'>angiporti?</span> <span class='ocrx_word' id='word_1_53' title='bbox 710 707 841 760; x_wconf 83' lang='lat' dir='ltr'>satis</span> <span class='ocrx_word' id='word_1_54' title='bbox 878 707 979 760; x_wconf 89' lang='lat' dir='ltr'>feri</span> <span class='ocrx_word' id='word_1_55' title='bbox 1019 708 1254 777; x_wconf 89' lang='lat' dir='ltr'>satisque</span> <span class='ocrx_word' id='word_1_56' title='bbox 1287 707 1492 777; x_wconf 81' lang='lat' dir='ltr'>copiosi</span> <span class='ocrx_word' id='word_1_57' title='bbox 1531 706 1798 760; x_wconf 80' lang='lat' dir='ltr'>uenaticis&#39;</span> 
     </span>
     <span class='ocr_line' id='line_1_9' title="bbox 99 778 1867 854; baseline 0 -20"><span class='ocrx_word' id='word_1_58' title='bbox 99 782 230 851; x_wconf 89' lang='lat' dir='ltr'>illis,</span> <span class='ocrx_word' id='word_1_59' title='bbox 278 782 371 852; x_wconf 91' lang='lat' dir='ltr'>qui</span> <span class='ocrx_word' id='word_1_60' title='bbox 417 781 779 835; x_wconf 46' lang='lat' dir='ltr'>commodum*</span> <span class='ocrx_word' id='word_1_61' title='bbox 805 781 961 834; x_wconf 90' lang='lat' dir='ltr'>domo</span> <span class='ocrx_word' id='word_1_62' title='bbox 999 786 1373 852; x_wconf 77' lang='lat' dir='ltr'>processerant,</span> <span class='ocrx_word' id='word_1_63' title='bbox 1420 782 1670 834; x_wconf 90' lang='lat' dir='ltr'>similiter</span> <span class='ocrx_word' id='word_1_64' title='bbox 1715 781 1792 834; x_wconf 89' lang='lat' dir='ltr'>in·</span> <span class='ocrx_word' id='word_1_65' title='bbox 1816 778 1867 854; x_wconf 51' lang='lat' dir='ltr'>„f</span> 
     </span>
    </p>
   </div>
   <div class='ocr_carea' id='block_1_6' title="bbox 99 850 1791 926">
    <p class='ocr_par' dir='ltr' id='par_1_6' title="bbox 99 850 1791 926">
     <span class='ocr_line' id='line_1_10' title="bbox 99 850 1791 926; baseline -0.001 -16"><span class='ocrx_word' id='word_1_66' title='bbox 99 859 382 925; x_wconf 75' lang='lat' dir='ltr'>sequentes</span> <span class='ocrx_word' id='word_1_67' title='bbox 414 875 470 910; x_wconf 90' lang='lat' dir='ltr'>se</span> <span class='ocrx_word' id='word_1_68' title='bbox 502 857 799 910; x_wconf 87' lang='lat' dir='ltr'>obmiscent</span> <span class='ocrx_word' id='word_1_69' title='bbox 831 850 1181 926; x_wconf 52' lang='lat' dir='ltr'>agminatim?</span> <span class='ocrx_word' id='word_1_70' title='bbox 1209 856 1464 909; x_wconf 89' lang='lat' dir='ltr'>miserum</span> <span class='ocrx_word' id='word_1_71' title='bbox 1496 856 1791 910; x_wconf 89' lang='lat' dir='ltr'>funestum-</span> 
     </span>
    </p>
   </div>
   <div class='ocr_carea' id='block_1_7' title="bbox 34 924 1792 1001">
    <p class='ocr_par' dir='ltr' id='par_1_7' title="bbox 34 924 1792 1001">
     <span class='ocr_line' id='line_1_11' title="bbox 34 924 1792 1001; baseline 0.001 -19"><span class='ocrx_word' id='word_1_72' title='bbox 34 951 76 982; x_wconf 84' lang='grc' dir='ltr'>ιο</span> <span class='ocrx_word' id='word_1_73' title='bbox 99 949 202 1000; x_wconf 91' lang='lat' dir='ltr'>que</span> <span class='ocrx_word' id='word_1_74' title='bbox 242 924 791 1000; x_wconf 56' lang='lat' dir='ltr'>spectameffiaspexi,</span> <span class='ocrx_word' id='word_1_75' title='bbox 815 930 1234 1001; x_wconf 85' lang='lat' dir='ltr'>Thrasyleonem</span> <span class='ocrx_word' id='word_1_76' title='bbox 1275 933 1518 983; x_wconf 85' lang='lat' dir='ltr'>nostrum</span> <span class='ocrx_word' id='word_1_77' title='bbox 1560 930 1792 984; x_wconf 87' lang='lat' dir='ltr'>cateruis</span> 
     </span>
    </p>
   </div>
   <div class='ocr_carea' id='block_1_8' title="bbox 29 1321 72 1354">
    <p class='ocr_par' dir='ltr' id='par_1_8' title="bbox 29 1321 72 1354">
     <span class='ocr_line' id='line_1_12' title="bbox 29 1321 72 1354; baseline 0.023 -1"><span class='ocrx_word' id='word_1_78' title='bbox 29 1321 72 1354; x_wconf 87' lang='lat'>15</span> 
     </span>
    </p>
   </div>
   <div class='ocr_carea' id='block_1_9' title="bbox 28 1694 71 1724">
    <p class='ocr_par' dir='ltr' id='par_1_9' title="bbox 28 1694 71 1724">
     <span class='ocr_line' id='line_1_13' title="bbox 28 1694 71 1724; baseline 0 0"><span class='ocrx_word' id='word_1_79' title='bbox 28 1694 71 1724; x_wconf 79' lang='lat'>20</span> 
     </span>
    </p>
   </div>
   <div class='ocr_carea' id='block_1_10' title="bbox 27 2063 68 2096">
    <p class='ocr_par' dir='ltr' id='par_1_10' title="bbox 27 2063 68 2096">
     <span class='ocr_line' id='line_1_14' title="bbox 27 2063 68 2096; baseline 0.024 -1"><span class='ocrx_word' id='word_1_80' title='bbox 27 2063 68 2096; x_wconf 79' lang='lat'>25</span> 
     </span>
    </p>
   </div>
   <div class='ocr_carea' id='block_1_11' title="bbox 92 1004 1791 2337">
    <p class='ocr_par' dir='ltr' id='par_1_11' title="bbox 92 1004 1791 2337">
     <span class='ocr_line' id='line_1_15' title="bbox 99 1004 1791 1075; baseline 0 -17"><span class='ocrx_word' id='word_1_81' title='bbox 99 1023 289 1058; x_wconf 90' lang='lat' dir='ltr'>canum</span> <span class='ocrx_word' id='word_1_82' title='bbox 328 1006 683 1058; x_wconf 86' lang='lat' dir='ltr'>saeuientium</span> <span class='ocrx_word' id='word_1_83' title='bbox 723 1005 956 1058; x_wconf 89' lang='lat' dir='ltr'>cinctum</span> <span class='ocrx_word' id='word_1_84' title='bbox 989 1009 1149 1075; x_wconf 89' lang='lat' dir='ltr'>atque</span> <span class='ocrx_word' id='word_1_85' title='bbox 1181 1006 1458 1058; x_wconf 90' lang='lat' dir='ltr'>obsessum</span> <span class='ocrx_word' id='word_1_86' title='bbox 1498 1004 1791 1074; x_wconf 85' lang='lat' dir='ltr'>multisque</span> 
     </span>
     <span class='ocr_line' id='line_1_16' title="bbox 96 1079 1788 1149; baseline 0.001 -18"><span class='ocrx_word' id='word_1_87' title='bbox 96 1097 318 1132; x_wconf 89' lang='lat' dir='ltr'>numero</span> <span class='ocrx_word' id='word_1_88' title='bbox 375 1080 447 1149; x_wconf 87' lang='lat' dir='ltr'>[p</span> <span class='ocrx_word' id='word_1_89' title='bbox 466 1080 536 1132; x_wconf 85' lang='lat'>69</span> <span class='ocrx_word' id='word_1_90' title='bbox 552 1079 641 1149; x_wconf 90' lang='grc' dir='ltr'>Ε.]</span> <span class='ocrx_word' id='word_1_91' title='bbox 695 1080 964 1133; x_wconf 90' lang='lat' dir='ltr'>morsibus</span> <span class='ocrx_word' id='word_1_92' title='bbox 1018 1080 1293 1132; x_wconf 87' lang='lat' dir='ltr'>laniatum.</span> <span class='ocrx_word' id='word_1_93' title='bbox 1365 1079 1593 1148; x_wconf 89' lang='lat' dir='ltr'>denique</span> <span class='ocrx_word' id='word_1_94' title='bbox 1647 1079 1788 1132; x_wconf 88' lang='lat' dir='ltr'>tanti</span> 
     </span>
     <span class='ocr_line' id='line_1_17' title="bbox 98 1153 1789 1223; baseline 0 -17"><span class='ocrx_word' id='word_1_95' title='bbox 98 1153 297 1206; x_wconf 90' lang='lat' dir='ltr'>doloris</span> <span class='ocrx_word' id='word_1_96' title='bbox 352 1154 637 1223; x_wconf 84' lang='lat' dir='ltr'>impatiens</span> <span class='ocrx_word' id='word_1_97' title='bbox 691 1154 878 1223; x_wconf 91' lang='lat' dir='ltr'>populi</span> <span class='ocrx_word' id='word_1_98' title='bbox 931 1154 1350 1207; x_wconf 88' lang='lat' dir='ltr'>circumfluentis</span> <span class='ocrx_word' id='word_1_99' title='bbox 1406 1153 1632 1206; x_wconf 88' lang='lat' dir='ltr'>turbelis</span> <span class='ocrx_word' id='word_1_100' title='bbox 1694 1154 1789 1206; x_wconf 89' lang='lat' dir='ltr'>im-</span> 
     </span>
     <span class='ocr_line' id='line_1_18' title="bbox 97 1227 1787 1298; baseline 0 -18"><span class='ocrx_word' id='word_1_101' title='bbox 97 1228 325 1281; x_wconf 87' lang='lat' dir='ltr'>misceor</span> <span class='ocrx_word' id='word_1_102' title='bbox 362 1231 416 1281; x_wconf 88' lang='lat' dir='ltr'>et</span> <span class='ocrx_word' id='word_1_103' title='bbox 463 1228 566 1298; x_wconf 90' lang='lat' dir='ltr'>[in]</span> <span class='ocrx_word' id='word_1_104' title='bbox 575 1270 589 1297; x_wconf 85' lang='lat'><strong><em>,</em></strong></span> <span class='ocrx_word' id='word_1_105' title='bbox 637 1247 742 1297; x_wconf 91' lang='lat' dir='ltr'>quo</span> <span class='ocrx_word' id='word_1_106' title='bbox 794 1228 909 1281; x_wconf 94' lang='lat' dir='ltr'>solo</span> <span class='ocrx_word' id='word_1_107' title='bbox 955 1231 1196 1297; x_wconf 90' lang='lat' dir='ltr'>poteram</span> <span class='ocrx_word' id='word_1_108' title='bbox 1244 1228 1473 1287; x_wconf 80' lang='lat' dir='ltr'>celatum</span> <span class='ocrx_word' id='word_1_109' title='bbox 1529 1227 1787 1280; x_wconf 85' lang='lat' dir='ltr'>auxilium</span> 
     </span>
     <span class='ocr_line' id='line_1_19' title="bbox 97 1301 1788 1373; baseline -0.001 -18"><span class='ocrx_word' id='word_1_110' title='bbox 97 1302 237 1355; x_wconf 92' lang='lat' dir='ltr'>bono</span> <span class='ocrx_word' id='word_1_111' title='bbox 275 1302 414 1355; x_wconf 90' lang='lat' dir='ltr'>ferre</span> <span class='ocrx_word' id='word_1_112' title='bbox 454 1302 831 1371; x_wconf 83' lang='lat' dir='ltr'>commilitoni,</span> <span class='ocrx_word' id='word_1_113' title='bbox 871 1303 947 1355; x_wconf 92' lang='lat' dir='ltr'>sic</span> <span class='ocrx_word' id='word_1_114' title='bbox 986 1302 1277 1373; x_wconf 76' lang='lat' dir='ltr'>indaginis⁰</span> <span class='ocrx_word' id='word_1_115' title='bbox 1292 1302 1562 1371; x_wconf 89' lang='lat' dir='ltr'>principes</span> <span class='ocrx_word' id='word_1_116' title='bbox 1603 1301 1788 1355; x_wconf 90' lang='lat' dir='ltr'>dehor-</span> 
     </span>
     <span class='ocr_line' id='line_1_20' title="bbox 96 1376 1786 1447; baseline 0 -19"><span class='ocrx_word' id='word_1_117' title='bbox 96 1377 250 1428; x_wconf 90' lang='lat' dir='ltr'>tabar</span> <span class='ocrx_word' id='word_1_118' title='bbox 288 1377 339 1429; x_wconf 81' lang='lat' dir='ltr'>‘o</span> <span class='ocrx_word' id='word_1_119' title='bbox 380 1377 599 1447; x_wconf 86' lang='lat' dir='ltr'>grande&#39;</span> <span class='ocrx_word' id='word_1_120' title='bbox 638 1377 857 1446; x_wconf 92' lang='lat' dir='ltr'>inquam</span> <span class='ocrx_word' id='word_1_121' title='bbox 899 1377 972 1429; x_wconf 73' lang='lat' dir='ltr'>‘et</span> <span class='ocrx_word' id='word_1_122' title='bbox 1011 1380 1307 1430; x_wconf 84' lang='lat' dir='ltr'>extremum</span> <span class='ocrx_word' id='word_1_123' title='bbox 1354 1376 1638 1446; x_wconf 88' lang='lat' dir='ltr'>flagitium,</span> <span class='ocrx_word' id='word_1_124' title='bbox 1676 1395 1786 1429; x_wconf 89' lang='lat' dir='ltr'>ma-</span> 
     </span>
     <span class='ocr_line' id='line_1_21' title="bbox 97 1449 1787 1520; baseline 0 -18"><span class='ocrx_word' id='word_1_125' title='bbox 97 1467 256 1520; x_wconf 87' lang='lat' dir='ltr'>gnam</span> <span class='ocrx_word' id='word_1_126' title='bbox 289 1454 343 1504; x_wconf 90' lang='lat' dir='ltr'>et</span> <span class='ocrx_word' id='word_1_127' title='bbox 380 1470 504 1504; x_wconf 91' lang='lat' dir='ltr'>uere</span> <span class='ocrx_word' id='word_1_128' title='bbox 536 1451 826 1520; x_wconf 86' lang='lat' dir='ltr'>pretiosam</span> <span class='ocrx_word' id='word_1_129' title='bbox 868 1451 1141 1520; x_wconf 85' lang='lat' dir='ltr'>perdimus</span> <span class='ocrx_word' id='word_1_130' title='bbox 1172 1451 1436 1504; x_wconf 89' lang='lat' dir='ltr'>bestiam.&#39;</span> <span class='ocrx_word' id='word_1_131' title='bbox 1505 1449 1648 1502; x_wconf 90' lang='lat' dir='ltr'>XXI.</span> <span class='ocrx_word' id='word_1_132' title='bbox 1688 1469 1787 1503; x_wconf 89' lang='lat' dir='ltr'>nec</span> 
     </span>
     <span class='ocr_line' id='line_1_22' title="bbox 95 1524 1788 1593; baseline 0 -16"><span class='ocrx_word' id='word_1_133' title='bbox 95 1529 274 1578; x_wconf 91' lang='lat' dir='ltr'>tamen</span> <span class='ocrx_word' id='word_1_134' title='bbox 327 1526 500 1578; x_wconf 89' lang='lat' dir='ltr'>nostri</span> <span class='ocrx_word' id='word_1_135' title='bbox 555 1526 815 1578; x_wconf 90' lang='lat' dir='ltr'>sermonis</span> <span class='ocrx_word' id='word_1_136' title='bbox 862 1528 1003 1578; x_wconf 87' lang='lat' dir='ltr'>artes</span> <span class='ocrx_word' id='word_1_137' title='bbox 1050 1525 1420 1578; x_wconf 90' lang='lat' dir='ltr'>infelicissimo</span> <span class='ocrx_word' id='word_1_138' title='bbox 1468 1524 1788 1593; x_wconf 88' lang='lat' dir='ltr'>profuerunt</span> 
     </span>
     <span class='ocr_line' id='line_1_23' title="bbox 96 1599 1786 1669; baseline 0 -18"><span class='ocrx_word' id='word_1_139' title='bbox 96 1599 295 1668; x_wconf 86' lang='lat' dir='ltr'>iuueni,</span> <span class='ocrx_word' id='word_1_140' title='bbox 333 1600 530 1669; x_wconf 90' lang='lat' dir='ltr'>quippe</span> <span class='ocrx_word' id='word_1_141' title='bbox 562 1600 779 1669; x_wconf 89' lang='lat' dir='ltr'>quidam</span> <span class='ocrx_word' id='word_1_142' title='bbox 818 1618 1134 1669; x_wconf 88' lang='lat' dir='ltr'>procurrens</span> <span class='ocrx_word' id='word_1_143' title='bbox 1174 1618 1201 1652; x_wconf 90' lang='lat' dir='ltr'>e</span> <span class='ocrx_word' id='word_1_144' title='bbox 1242 1600 1398 1652; x_wconf 91' lang='lat' dir='ltr'>domo</span> <span class='ocrx_word' id='word_1_145' title='bbox 1437 1603 1690 1667; x_wconf 65' lang='lat' dir='ltr'>procerus</span> <span class='ocrx_word' id='word_1_146' title='bbox 1731 1603 1786 1651; x_wconf 85' lang='lat' dir='ltr'>et</span> 
     </span>
     <span class='ocr_line' id='line_1_24' title="bbox 94 1673 1785 1742; baseline 0 -17"><span class='ocrx_word' id='word_1_147' title='bbox 94 1673 305 1726; x_wconf 90' lang='lat' dir='ltr'>ualidus</span> <span class='ocrx_word' id='word_1_148' title='bbox 344 1674 715 1726; x_wconf 87' lang='lat' dir='ltr'>incunctanter</span> <span class='ocrx_word' id='word_1_149' title='bbox 744 1673 982 1726; x_wconf 88' lang='lat' dir='ltr'>lanceam</span> <span class='ocrx_word' id='word_1_150' title='bbox 1012 1674 1204 1727; x_wconf 91' lang='lat' dir='ltr'>mediis</span> <span class='ocrx_word' id='word_1_151' title='bbox 1236 1673 1420 1726; x_wconf 81' lang='lat' dir='ltr'>iniecit</span> <span class='ocrx_word' id='word_1_152' title='bbox 1451 1691 1606 1726; x_wconf 88' lang='lat' dir='ltr'>ursae</span> <span class='ocrx_word' id='word_1_153' title='bbox 1637 1691 1785 1742; x_wconf 88' lang='lat' dir='ltr'>prae-</span> 
     </span>
     <span class='ocr_line' id='line_1_25' title="bbox 95 1747 1785 1817; baseline 0.001 -19"><span class='ocrx_word' id='word_1_154' title='bbox 95 1747 290 1799; x_wconf 88' lang='lat' dir='ltr'>cordiis</span> <span class='ocrx_word' id='word_1_155' title='bbox 343 1767 439 1801; x_wconf 90' lang='lat' dir='ltr'>nec</span> <span class='ocrx_word' id='word_1_156' title='bbox 485 1766 635 1801; x_wconf 90' lang='lat' dir='ltr'>secus</span> <span class='ocrx_word' id='word_1_157' title='bbox 683 1748 843 1817; x_wconf 86' lang='lat' dir='ltr'>alius,</span> <span class='ocrx_word' id='word_1_158' title='bbox 890 1752 944 1801; x_wconf 92' lang='lat' dir='ltr'>et</span> <span class='ocrx_word' id='word_1_159' title='bbox 989 1766 1108 1801; x_wconf 90' lang='lat' dir='ltr'>ecce</span> <span class='ocrx_word' id='word_1_160' title='bbox 1154 1748 1374 1817; x_wconf 88' lang='lat' dir='ltr'>plurimi</span> <span class='ocrx_word' id='word_1_161' title='bbox 1429 1747 1536 1800; x_wconf 90' lang='lat' dir='ltr'>iam</span> <span class='ocrx_word' id='word_1_162' title='bbox 1591 1747 1785 1800; x_wconf 91' lang='lat' dir='ltr'>timore</span> 
     </span>
     <span class='ocr_line' id='line_1_26' title="bbox 94 1821 1784 1892; baseline 0.001 -19"><span class='ocrx_word' id='word_1_163' title='bbox 94 1821 334 1874; x_wconf 91' lang='lat' dir='ltr'>discusso</span> <span class='ocrx_word' id='word_1_164' title='bbox 381 1822 625 1875; x_wconf 88' lang='lat' dir='ltr'>certatim</span> <span class='ocrx_word' id='word_1_165' title='bbox 672 1822 879 1892; x_wconf 85' lang='lat' dir='ltr'>gladios</span> <span class='ocrx_word' id='word_1_166' title='bbox 918 1822 1079 1875; x_wconf 91' lang='lat' dir='ltr'>etiam</span> <span class='ocrx_word' id='word_1_167' title='bbox 1120 1823 1183 1875; x_wconf 91' lang='lat' dir='ltr'>de</span> <span class='ocrx_word' id='word_1_168' title='bbox 1221 1822 1468 1891; x_wconf 84' lang='lat' dir='ltr'>proximo</span> <span class='ocrx_word' id='word_1_169' title='bbox 1515 1823 1784 1892; x_wconf 82' lang='lat' dir='ltr'>ingerunt.</span> 
     </span>
     <span class='ocr_line' id='line_1_27' title="bbox 93 1895 1785 1966; baseline 0.001 -19"><span class='ocrx_word' id='word_1_170' title='bbox 93 1895 234 1948; x_wconf 91' lang='lat' dir='ltr'>enim</span> <span class='ocrx_word' id='word_1_171' title='bbox 274 1914 402 1949; x_wconf 93' lang='lat' dir='ltr'>uero</span> <span class='ocrx_word' id='word_1_172' title='bbox 441 1895 788 1966; x_wconf 64' lang='lat' dir='ltr'>Thrasyleon,</span> <span class='ocrx_word' id='word_1_173' title='bbox 827 1897 1104 1966; x_wconf 86' lang='lat' dir='ltr'>egregium</span> <span class='ocrx_word' id='word_1_174' title='bbox 1145 1897 1303 1950; x_wconf 87' lang='lat' dir='ltr'>decus</span> <span class='ocrx_word' id='word_1_175' title='bbox 1346 1900 1561 1948; x_wconf 84' lang='lat' dir='ltr'>nostrae</span> <span class='ocrx_word' id='word_1_176' title='bbox 1600 1896 1785 1948; x_wconf 83' lang='lat' dir='ltr'>factio-</span> 
     </span>
     <span class='ocr_line' id='line_1_28' title="bbox 93 1970 1784 2042; baseline 0 -20"><span class='ocrx_word' id='word_1_177' title='bbox 93 1970 192 2038; x_wconf 86' lang='lat' dir='ltr'>nis,</span> <span class='ocrx_word' id='word_1_178' title='bbox 227 1971 442 2024; x_wconf 87' lang='lat' dir='ltr'>tandem</span> <span class='ocrx_word' id='word_1_179' title='bbox 473 1970 876 2024; x_wconf 87' lang='lat' dir='ltr'>immortalitate</span> <span class='ocrx_word' id='word_1_180' title='bbox 910 1971 1199 2042; x_wconf 23' lang='lat' dir='ltr'>digno-illo</span> <span class='ocrx_word' id='word_1_181' title='bbox 1234 1971 1428 2040; x_wconf 91' lang='lat' dir='ltr'>spiritu</span> <span class='ocrx_word' id='word_1_182' title='bbox 1460 1973 1784 2040; x_wconf 85' lang='lat' dir='ltr'>expugnatO,</span> 
     </span>
     <span class='ocr_line' id='line_1_29' title="bbox 92 2040 1784 2115; baseline 0 -19"><span class='ocrx_word' id='word_1_183' title='bbox 92 2045 265 2114; x_wconf 91' lang='lat' dir='ltr'>magis</span> <span class='ocrx_word' id='word_1_184' title='bbox 305 2063 464 2115; x_wconf 90' lang='lat' dir='ltr'>quam</span> <span class='ocrx_word' id='word_1_185' title='bbox 506 2040 807 2113; x_wconf 54' lang='lat' dir='ltr'>(humana)</span> <span class='ocrx_word' id='word_1_186' title='bbox 845 2044 1106 2114; x_wconf 88' lang='lat' dir='ltr'>patientia</span> <span class='ocrx_word' id='word_1_187' title='bbox 1143 2063 1315 2114; x_wconf 92' lang='lat' dir='ltr'>neque</span> <span class='ocrx_word' id='word_1_188' title='bbox 1355 2044 1587 2097; x_wconf 90' lang='lat' dir='ltr'>clamore</span> <span class='ocrx_word' id='word_1_189' title='bbox 1626 2063 1686 2096; x_wconf 90' lang='lat' dir='ltr'>ac</span> <span class='ocrx_word' id='word_1_190' title='bbox 1718 2063 1784 2096; x_wconf 91' lang='lat' dir='ltr'>ne</span> 
     </span>
     <span class='ocr_line' id='line_1_30' title="bbox 94 2117 1782 2194; baseline 0 -24"><span class='ocrx_word' id='word_1_191' title='bbox 94 2117 301 2172; x_wconf 90' lang='lat' dir='ltr'>ululatu</span> <span class='ocrx_word' id='word_1_192' title='bbox 356 2119 571 2188; x_wconf 87' lang='lat' dir='ltr'>quidem</span> <span class='ocrx_word' id='word_1_193' title='bbox 624 2119 784 2172; x_wconf 90' lang='lat' dir='ltr'>fidem</span> <span class='ocrx_word' id='word_1_194' title='bbox 838 2120 1157 2172; x_wconf 88' lang='lat' dir='ltr'>sacramenti</span> <span class='ocrx_word' id='word_1_195' title='bbox 1211 2119 1448 2188; x_wconf 90' lang='lat' dir='ltr'>prodidit</span> <span class='ocrx_word' id='word_1_196' title='bbox 1505 2119 1620 2194; x_wconf 60' lang='lat' dir='ltr'>sed,</span> <span class='ocrx_word' id='word_1_197' title='bbox 1676 2119 1782 2170; x_wconf 90' lang='lat' dir='ltr'>iam</span> 
     </span>
     <span class='ocr_line' id='line_1_31' title="bbox 92 2193 1782 2263; baseline 0.001 -19"><span class='ocrx_word' id='word_1_198' title='bbox 92 2193 360 2246; x_wconf 88' lang='lat' dir='ltr'>morsibus</span> <span class='ocrx_word' id='word_1_199' title='bbox 405 2193 667 2246; x_wconf 89' lang='lat' dir='ltr'>laceratus</span> <span class='ocrx_word' id='word_1_200' title='bbox 720 2193 967 2263; x_wconf 88' lang='lat' dir='ltr'>ferroque</span> <span class='ocrx_word' id='word_1_201' title='bbox 1013 2193 1245 2246; x_wconf 87' lang='lat' dir='ltr'>laniatus</span> <span class='ocrx_word' id='word_1_202' title='bbox 1254 2236 1268 2262; x_wconf 85' lang='lat'><strong><em>,</em></strong></span> <span class='ocrx_word' id='word_1_203' title='bbox 1316 2193 1538 2245; x_wconf 61' lang='lat' dir='ltr'>obnixo³</span> <span class='ocrx_word' id='word_1_204' title='bbox 1569 2193 1782 2262; x_wconf 87' lang='lat' dir='ltr'>mugitu</span> 
     </span>
     <span class='ocr_line' id='line_1_32' title="bbox 93 2267 1790 2337; baseline 0 -18"><span class='ocrx_word' id='word_1_205' title='bbox 93 2270 146 2319; x_wconf 89' lang='lat' dir='ltr'>et</span> <span class='ocrx_word' id='word_1_206' title='bbox 190 2267 360 2320; x_wconf 88' lang='lat' dir='ltr'>ferino</span> <span class='ocrx_word' id='word_1_207' title='bbox 407 2267 624 2320; x_wconf 89' lang='lat' dir='ltr'>fremitu</span> <span class='ocrx_word' id='word_1_208' title='bbox 670 2271 1004 2336; x_wconf 89' lang='lat' dir='ltr'>praesentem</span> <span class='ocrx_word' id='word_1_209' title='bbox 1053 2286 1233 2320; x_wconf 90' lang='lat' dir='ltr'>casum</span> <span class='ocrx_word' id='word_1_210' title='bbox 1282 2285 1539 2337; x_wconf 89' lang='lat' dir='ltr'>generoso</span> <span class='ocrx_word' id='word_1_211' title='bbox 1594 2267 1790 2337; x_wconf 22' lang='lat' dir='ltr'>uigore*</span> 
     </span>
    </p>
   </div>
   <div class='ocr_carea' id='block_1_12' title="bbox 3 2339 1780 2411">
    <p class='ocr_par' dir='ltr' id='par_1_12' title="bbox 3 2339 1780 2411">
     <span class='ocr_line' id='line_1_33' title="bbox 3 2339 1780 2411; baseline 0.001 -19"><span class='ocrx_word' id='word_1_212' title='bbox 3 2380 6 2382; x_wconf 88' lang='lat'>-</span> <span class='ocrx_word' id='word_1_213' title='bbox 92 2339 325 2394; x_wconf 88' lang='lat' dir='ltr'>tolerans</span> <span class='ocrx_word' id='word_1_214' title='bbox 373 2341 598 2411; x_wconf 88' lang='lat' dir='ltr'>gloriam</span> <span class='ocrx_word' id='word_1_215' title='bbox 646 2342 749 2394; x_wconf 91' lang='lat' dir='ltr'>sibi</span> <span class='ocrx_word' id='word_1_216' title='bbox 796 2342 1114 2411; x_wconf 86' lang='lat' dir='ltr'>reseruauit‚</span> <span class='ocrx_word' id='word_1_217' title='bbox 1160 2342 1328 2394; x_wconf 90' lang='lat' dir='ltr'>uitam</span> <span class='ocrx_word' id='word_1_218' title='bbox 1375 2342 1487 2394; x_wconf 89' lang='lat' dir='ltr'>fato</span> <span class='ocrx_word' id='word_1_219' title='bbox 1535 2341 1780 2394; x_wconf 89' lang='lat' dir='ltr'>reddidit.</span> 
     </span>
    </p>
   </div>
   <div class='ocr_carea' id='block_1_13' title="bbox 92 2529 1778 2707">
    <p class='ocr_par' dir='ltr' id='par_1_13' title="bbox 92 2529 1778 2707">
     <span class='ocr_line' id='line_1_34' title="bbox 212 2529 1776 2588; baseline 0.001 -15"><span class='ocrx_word' id='word_1_220' title='bbox 212 2535 235 2573; x_wconf 93' lang='lat'><strong>1</strong></span> <span class='ocrx_word' id='word_1_221' title='bbox 282 2529 464 2575; x_wconf 85' lang='lat' dir='ltr'>facibus</span> <span class='ocrx_word' id='word_1_222' title='bbox 509 2531 592 2587; x_wconf 71' lang='lat' dir='ltr'>Fcp</span> <span class='ocrx_word' id='word_1_223' title='bbox 771 2535 797 2574; x_wconf 91' lang='lat'>8</span> <span class='ocrx_word' id='word_1_224' title='bbox 839 2532 976 2576; x_wconf 87' lang='lat' dir='ltr'>domo</span> <span class='ocrx_word' id='word_1_225' title='bbox 1022 2534 1350 2587; x_wconf 85' lang='lat' dir='ltr'>processerant</span> <span class='ocrx_word' id='word_1_226' title='bbox 1389 2533 1554 2588; x_wconf 77' lang='lat' dir='ltr'>scripsi</span> <span class='ocrx_word' id='word_1_227' title='bbox 1593 2533 1645 2574; x_wconf 78' lang='lat' dir='ltr'>iri</span> <span class='ocrx_word' id='word_1_228' title='bbox 1675 2531 1776 2575; x_wconf 82' lang='lat' dir='ltr'>cdd.</span> 
     </span>
     <span class='ocr_line' id='line_1_35' title="bbox 92 2589 1778 2648; baseline 0.001 -16"><span class='ocrx_word' id='word_1_229' title='bbox 92 2593 415 2645; x_wconf 87' lang='lat' dir='ltr'>processerant</span> <span class='ocrx_word' id='word_1_230' title='bbox 444 2591 608 2648; x_wconf 66' lang='lat' dir='ltr'>legitur</span> <span class='ocrx_word' id='word_1_231' title='bbox 630 2597 735 2648; x_wconf 84' lang='lat' dir='ltr'>post</span> <span class='ocrx_word' id='word_1_232' title='bbox 766 2590 1065 2646; x_wconf 85' lang='lat' dir='ltr'>insequentes</span> <span class='ocrx_word' id='word_1_233' title='bbox 1186 2590 1406 2635; x_wconf 87' lang='lat' dir='ltr'>similiter</span> <span class='ocrx_word' id='word_1_234' title='bbox 1437 2590 1472 2633; x_wconf 99' lang='lat' dir='ltr'><strong>F</strong></span> <span class='ocrx_word' id='word_1_235' title='bbox 1508 2589 1565 2646; x_wconf 87' lang='lat' dir='ltr'>(si</span> <span class='ocrx_word' id='word_1_236' title='bbox 1597 2596 1637 2634; x_wconf 81' lang='lat' dir='ltr'>et</span> <span class='ocrx_word' id='word_1_237' title='bbox 1663 2603 1778 2645; x_wconf 86' lang='lat' dir='ltr'>pars</span> 
     </span>
     <span class='ocr_line' id='line_1_36' title="bbox 94 2649 1775 2707; baseline -0.001 -15"><span class='ocrx_word' id='word_1_238' title='bbox 94 2650 268 2693; x_wconf 78' lang='lat' dir='ltr'>litterae</span> <span class='ocrx_word' id='word_1_239' title='bbox 296 2663 343 2692; x_wconf 91' lang='lat' dir='ltr'>m</span> <span class='ocrx_word' id='word_1_240' title='bbox 374 2650 590 2694; x_wconf 71' lang='lat' dir='ltr'>deberitwr</span> <span class='ocrx_word' id='word_1_241' title='bbox 617 2651 894 2706; x_wconf 75' lang='lat' dir='ltr'>rescriptori)</span> <span class='ocrx_word' id='word_1_242' title='bbox 927 2651 1003 2705; x_wconf 82' lang='grc' dir='ltr'>φδ</span> <span class='ocrx_word' id='word_1_243' title='bbox 1033 2664 1190 2707; x_wconf 72' lang='lat' dir='ltr'>mai-90</span> <span class='ocrx_word' id='word_1_244' title='bbox 1221 2650 1256 2693; x_wconf 89' lang='lat' dir='ltr'><strong>F</strong></span> <span class='ocrx_word' id='word_1_245' title='bbox 1363 2655 1388 2694; x_wconf 85' lang='grc'><strong>9</strong></span> <span class='ocrx_word' id='word_1_246' title='bbox 1422 2663 1501 2693; x_wconf 86' lang='lat' dir='ltr'>se*</span> <span class='ocrx_word' id='word_1_247' title='bbox 1532 2649 1567 2691; x_wconf 87' lang='lat' dir='ltr'><strong>F</strong></span> <span class='ocrx_word' id='word_1_248' title='bbox 1607 2661 1706 2692; x_wconf 89' lang='lat' dir='ltr'>sese</span> <span class='ocrx_word' id='word_1_249' title='bbox 1740 2665 1775 2703; x_wconf 86' lang='grc' dir='ltr'><em>φ</em></span> 
     </span>
    </p>
   </div>
   <div class='ocr_carea' id='block_1_14' title="bbox 94 2720 1778 2914">
    <p class='ocr_par' dir='ltr' id='par_1_14' title="bbox 94 2720 1778 2914">
     <span class='ocr_line' id='line_1_37' title="bbox 95 2720 1778 2794; baseline 0 -15"><span class='ocrx_word' id='word_1_250' title='bbox 95 2735 355 2780; x_wconf 86' lang='lat' dir='ltr'>obmiscent</span> <span class='ocrx_word' id='word_1_251' title='bbox 399 2736 450 2781; x_wconf 81' lang='lat' dir='ltr'>E.</span> <span class='ocrx_word' id='word_1_252' title='bbox 514 2738 819 2782; x_wconf 88' lang='lat' dir='ltr'>ommisceunt</span> <span class='ocrx_word' id='word_1_253' title='bbox 865 2738 900 2780; x_wconf 90' lang='lat' dir='ltr'><strong>F</strong></span> <span class='ocrx_word' id='word_1_254' title='bbox 963 2720 1238 2782; x_wconf 59' lang='lat' dir='ltr'>ommisciint</span> <span class='ocrx_word' id='word_1_255' title='bbox 1269 2748 1307 2792; x_wconf 86' lang='grc' dir='ltr'><strong><em>φ</em></strong></span> <span class='ocrx_word' id='word_1_256' title='bbox 1354 2740 1402 2794; x_wconf 89' lang='lat' dir='ltr'>(i.</span> <span class='ocrx_word' id='word_1_257' title='bbox 1435 2753 1491 2781; x_wconf 85' lang='lat' dir='ltr'>m.</span> <span class='ocrx_word' id='word_1_258' title='bbox 1534 2736 1778 2793; x_wconf 81' lang='lat' dir='ltr'>9miscent)</span> 
     </span>
     <span class='ocr_line' id='line_1_38' title="bbox 94 2794 1776 2856; baseline -0.001 -17"><span class='ocrx_word' id='word_1_259' title='bbox 94 2809 195 2840; x_wconf 90' lang='lat' dir='ltr'>sese</span> <span class='ocrx_word' id='word_1_260' title='bbox 226 2795 513 2841; x_wconf 88' lang='lat' dir='ltr'>conmiscent</span> <span class='ocrx_word' id='word_1_261' title='bbox 543 2798 573 2841; x_wconf 78' lang='grc' dir='ltr'><em>ὃ</em></span> <span class='ocrx_word' id='word_1_262' title='bbox 693 2802 748 2841; x_wconf 90' lang='grc'>13</span> <span class='ocrx_word' id='word_1_263' title='bbox 786 2796 1003 2842; x_wconf 90' lang='lat' dir='ltr'>turbellis</span> <span class='ocrx_word' id='word_1_264' title='bbox 1035 2799 1064 2840; x_wconf 81' lang='grc' dir='ltr'><em>ὃ</em></span> <span class='ocrx_word' id='word_1_265' title='bbox 1153 2797 1244 2856; x_wconf 90' lang='grc'><strong>[111]</strong></span> <span class='ocrx_word' id='word_1_266' title='bbox 1276 2799 1439 2843; x_wconf 76' lang='lat' dir='ltr'>seclusi</span> <span class='ocrx_word' id='word_1_267' title='bbox 1560 2801 1613 2839; x_wconf 86' lang='lat'>15</span> <span class='ocrx_word' id='word_1_268' title='bbox 1648 2794 1776 2852; x_wconf 88' lang='lat' dir='ltr'>prin-</span> 
     </span>
     <span class='ocr_line' id='line_1_39' title="bbox 94 2854 1773 2914; baseline 0.001 -15"><span class='ocrx_word' id='word_1_269' title='bbox 94 2854 245 2912; x_wconf 90' lang='lat' dir='ltr'>cipem</span> <span class='ocrx_word' id='word_1_270' title='bbox 277 2857 306 2899; x_wconf 84' lang='grc' dir='ltr'><em>δ</em></span> <span class='ocrx_word' id='word_1_271' title='bbox 426 2859 480 2898; x_wconf 93' lang='grc'>22</span> <span class='ocrx_word' id='word_1_272' title='bbox 520 2855 694 2912; x_wconf 85' lang='lat' dir='ltr'>gladiis</span> <span class='ocrx_word' id='word_1_273' title='bbox 724 2856 782 2899; x_wconf 81' lang='lat' dir='ltr'>F¹</span> <span class='ocrx_word' id='word_1_274' title='bbox 901 2856 1122 2912; x_wconf 86' lang='lat' dir='ltr'>ingerunt</span> <span class='ocrx_word' id='word_1_275' title='bbox 1157 2858 1321 2914; x_wconf 78' lang='lat' dir='ltr'>scripsi</span> <span class='ocrx_word' id='word_1_276' title='bbox 1373 2857 1631 2911; x_wconf 86' lang='lat' dir='ltr'>congerunt</span> <span class='ocrx_word' id='word_1_277' title='bbox 1672 2856 1773 2900; x_wconf 85' lang='lat' dir='ltr'>cdd.</span> 
     </span>
    </p>
   </div>
   <div class='ocr_carea' id='block_1_15' title="bbox 96 2925 1773 3003">
    <p class='ocr_par' dir='ltr' id='par_1_15' title="bbox 96 2925 1773 3003">
     <span class='ocr_line' id='line_1_40' title="bbox 96 2925 1773 3003; baseline 0 -16"><span class='ocrx_word' id='word_1_278' title='bbox 96 2947 150 2987; x_wconf 84' lang='lat'>25</span> <span class='ocrx_word' id='word_1_279' title='bbox 183 2943 457 3003; x_wconf 79' lang='lat' dir='ltr'>(humana)</span> <span class='ocrx_word' id='word_1_280' title='bbox 489 2946 662 2990; x_wconf 70' lang='lat' dir='ltr'>insemi</span> <span class='ocrx_word' id='word_1_281' title='bbox 691 2945 786 3000; x_wconf 75' lang='lat' dir='ltr'>iam</span> <span class='ocrx_word' id='word_1_282' title='bbox 816 2943 967 3000; x_wconf 85' lang='lat' dir='ltr'>magis</span> <span class='ocrx_word' id='word_1_283' title='bbox 1000 2961 1036 3000; x_wconf 87' lang='grc' dir='ltr'><strong>φ</strong></span> <span class='ocrx_word' id='word_1_284' title='bbox 1163 2949 1221 2989; x_wconf 90' lang='grc'>28</span> <span class='ocrx_word' id='word_1_285' title='bbox 1251 2925 1362 2989; x_wconf 58' lang='lat' dir='ltr'>casii</span> <span class='ocrx_word' id='word_1_286' title='bbox 1392 2944 1428 2986; x_wconf 92' lang='lat' dir='ltr'><strong>F</strong></span> <span class='ocrx_word' id='word_1_287' title='bbox 1462 2946 1496 2999; x_wconf 79' lang='lat'>(⁴³</span> <span class='ocrx_word' id='word_1_288' title='bbox 1521 2944 1626 2988; x_wconf 77' lang='lat' dir='ltr'>add.</span> <span class='ocrx_word' id='word_1_289' title='bbox 1646 2958 1702 2988; x_wconf 87' lang='lat' dir='ltr'>m.</span> <span class='ocrx_word' id='word_1_290' title='bbox 1717 2945 1773 3000; x_wconf 90' lang='lat' dir='ltr'>r.)</span> 
     </span>
    </p>
   </div>
   <div class='ocr_carea' id='block_1_16' title="bbox 1359 3017 1505 3088">
    <p class='ocr_par' dir='ltr' id='par_1_16' title="bbox 1359 3017 1505 3088">
     <span class='ocr_line' id='line_1_41' title="bbox 1359 3017 1415 3060; baseline 0 -20"><span class='ocrx_word' id='word_1_291' title='bbox 1359 3017 1415 3060; x_wconf 81' lang='grc'>6*</span> 
     </span>
     <span class='ocr_line' id='line_1_42' title="bbox 1471 3062 1505 3088; baseline 0 0"><span class='ocrx_word' id='word_1_292' title='bbox 1471 3062 1505 3088; x_wconf 62' lang='lat' dir='ltr'>Q</span> 
     </span>
    </p>
   </div>
   <div class='ocr_carea' id='block_1_17' title="bbox 1800 752 1910 790">
    <p class='ocr_par' dir='ltr' id='par_1_17' title="bbox 1800 752 1910 790">
     <span class='ocr_line' id='line_1_43' title="bbox 1800 752 1910 790; baseline -0.027 -2"><span class='ocrx_word' id='word_1_293' title='bbox 1800 752 1910 790; x_wconf 47' lang='grc' dir='ltr'>φλ</span> 
     </span>
    </p>
   </div>
   <div class='ocr_carea' id='block_1_18' title="bbox 1812 850 1825 865">
    <p class='ocr_par' dir='ltr' id='par_1_18' title="bbox 1812 850 1825 865">
     <span class='ocr_line' id='line_1_44' title="bbox 1812 850 1825 865; baseline 0 0"><span class='ocrx_word' id='word_1_294' title='bbox 1812 850 1825 865; x_wconf 64' lang='grc' dir='ltr'>ιλ</span> 
     </span>
    </p>
   </div>
   <div class='ocr_carea' id='block_1_19' title="bbox 1871 780 1874 789">
    <p class='ocr_par' dir='ltr' id='par_1_19' title="bbox 1871 780 1874 789">
     <span class='ocr_line' id='line_1_45' title="bbox 1871 780 1874 789; baseline 0 0"><span class='ocrx_word' id='word_1_295' title='bbox 1871 780 1874 789; x_wconf 67' lang='lat' dir='ltr'><em>A</em></span> 
     </span>
    </p>
   </div>
   <div class='ocr_carea' id='block_1_20' title="bbox 1870 822 1916 845">
    <p class='ocr_par' dir='ltr' id='par_1_20' title="bbox 1870 822 1916 845">
     <span class='ocr_line' id='line_1_46' title="bbox 1870 822 1916 845; baseline 0 -4"><span class='ocrx_word' id='word_1_296' title='bbox 1870 822 1916 845; x_wconf 64' lang='lat' dir='ltr'>wV&#39;</span> 
     </span>
    </p>
   </div>
  </div>
 </body>
</html>
