1916 3132
0 0 47 195 ξ
727 78 866 171 cAP.
899 123 1089 170 v-vn
1654 118 1759 171 227

71 253 194 306 bem
227 269 467 304 maerens
499 250 937 315 inflammauerat,
969 249 1030 299 ut
1054 246 1259 298 remoto
1284 241 1552 296 iudicandi
1584 241 1761 294 taedio

74 331 128 380 et
159 325 510 380 accusationis
541 321 840 376 manifestis
872 319 1282 390 probationibus
1314 321 1368 370 et
1398 316 1762 386 responsionis
1828 330 1829 333 ’

71 400 343 455 meditatis
384 391 705 468 ambagibus,
737 395 913 449 cuncti
953 389 1351 447 conclamarint'
1371 390 1641 461 lapidibus
1674 390 1762 442 ob-

8 503 13 514 v·
74 464 257 529 rustum
306 473 580 543 publicum
615 470 829 542 ‘malum
887 469 1098 538 publice
1148 467 1407 520 uindicari
1456 465 1762 534 <oportere>.

30 572 50 604 5
185 548 534 619 Magistratus
580 546 795 599 interim
843 547 989 596 metu
1036 542 1258 612 periculi
1305 540 1531 610 proprii,
1585 558 1651 592 ne
1698 539 1762 591 de

73 623 255 694 paruis
303 620 687 692 indignationis
738 618 1016 672 elementis
1064 617 1129 669 ad
1176 616 1398 669 exitium
1450 614 1763 683 disciplinae

73 697 415 766 ciuitatisque
462 695 653 749 seditio
700 693 1030 763 procederet,
1077 691 1274 760 partim
1322 690 1632 743 decuriones
1681 688 1765 741 de-

73 771 276 843 precari
315 770 512 839 partim
551 768 835 838 populares
883 785 1238 835 compescere,
1285 768 1347 817 ut
1384 765 1485 816 rite
1526 767 1579 816 et
1617 781 1764 815 more

74 846 336 899 maiorum
385 843 581 897 iudicio
627 843 834 896 reddito
883 845 936 894 et
982 841 1166 892 utrim-
1208 840 1279 909 [p.
1309 838 1428 891 186.
1453 838 1540 907 E]
1583 828 1764 907 quese-
1837 884 1842 888 .

8 942 52 975 10
76 939 168 974 cus
208 918 620 990 allegationibus
668 916 983 970 examinatis
993 937 1011 984 ,·
1054 914 1287 967 ciuiliter
1334 913 1599 966 sententia
1643 930 1763 981 pro-

71 998 321 1048 meretur*
342 1011 439 1046 nec
479 993 544 1045 ad
584 993 752 1044 instar
789 990 1095 1043 barbaricae
1135 988 1364 1041 feritatis
1404 987 1491 1040 uel
1530 986 1766 1055 tyranni-

71 1087 161 1123 cae
216 1067 561 1137 impotentiae
626 1066 965 1118 damnaretur
1018 1064 1211 1132 aliquis
1270 1062 1542 1115 inauditus
1598 1065 1651 1113 et
1709 1061 1766 1112 in

71 1162 199 1213 pace
238 1141 446 1212 placida
484 1145 594 1193 tam
635 1140 810 1192 dirum
850 1138 1059 1192 saeculo
1099 1138 1414 1207 proderetur
1445 1135 1764 1204 exemplum.

72 1216 192 1271 VH.
239 1216 441 1286 placuit
487 1215 698 1268 salubre
751 1213 1032 1267 consilium
1080 1216 1133 1264 et
1179 1211 1302 1264 ilico
1351 1212 1527 1263 iussus
1574 1228 1765 1278 praeco

6 1313 49 1346 15
72 1291 386 1362 pronuntiat
423 1293 601 1359 patres
642 1289 697 1341 in
738 1289 939 1341 curiam
980 1287 1339 1340 conuenirent.
1418 1285 1613 1354 quibus
1646 1302 1765 1353 pro-

73 1370 228 1419 tenus
268 1364 546 1435 dignitatis
587 1364 700 1416 iure
733 1365 986 1415 consueta
1015 1362 1133 1414 loca
1162 1360 1519 1413 residentibus
1550 1377 1765 1411 rursum

72 1439 347 1510 praeconis
398 1442 592 1491 uocatu
639 1438 844 1507 primus
892 1440 1167 1489 accusator
1216 1434 1427 1488 incedit.
1504 1437 1633 1486 tunc
1680 1433 1765 1486 de-

72 1533 220 1568 mum
260 1513 518 1566 clamatus
558 1512 830 1564 inducitur
877 1511 1037 1563 etiam
1084 1528 1206 1562 reus
1247 1512 1300 1562 et
1347 1508 1589 1576 exemplo
1629 1508 1767 1578 legis

73 1588 285 1642 Atticae
338 1587 625 1655 Martiique
686 1586 869 1638 iudicii
932 1604 1119 1638 causae
1180 1583 1420 1653 patronis
1484 1583 1764 1635 denuntiat

6 1685 49 1718 20
71 1681 260 1733 praeco
292 1679 463 1730 neque
494 1661 757 1730 principia
786 1660 956 1712 dicere
989 1677 1159 1728 neque
1191 1658 1588 1710 miserationem
1623 1675 1760 1709 com-

72 1755 299 1790 mouere.
360 1735 490 1787 haec
522 1735 588 1786 ad
619 1735 783 1787 istum
816 1734 1033 1786 modum
1067 1736 1219 1803 gesta
1251 1731 1615 1801 compluribus
1648 1749 1760 1783 mu-

73 1815 167 1864 tuo
222 1809 698 1863 sermocinantibus
762 1808 1004 1878 cognoui.
1090 1807 1285 1876 quibus
1348 1810 1525 1858 autem
1581 1805 1762 1858 uerbis

75 1887 349 1938 accusator
387 1883 597 1952 <reum>
629 1883 838 1951 urserit,
879 1881 1073 1951 quibus
1105 1882 1263 1934 rebus
1297 1881 1514 1932 diluerit
1545 1899 1666 1932 reus
1700 1897 1759 1932 ac

74 1977 292 2030 prorsus
343 1958 608 2010 orationes
660 1957 1137 2025 altercationesque
1191 1974 1362 2024 neque
1412 1955 1524 2022 ipse
1573 1954 1766 2006 absens

10 2054 52 2088 25
76 2034 216 2103 apud
246 2032 581 2102 praesepium
614 2032 747 2084 scire
778 2031 998 2100 (potui)
1030 2048 1201 2099 neque
1234 2030 1299 2081 ad
1331 2047 1428 2081 uos
1457 2046 1591 2097 quae
1616 2029 1764 2098 igno-

74 2108 192 2161 raui
221 2125 440 2176 possum
473 2107 763 2174 enuntiare,
796 2106 888 2158 sed
921 2124 1054 2174 quae
1086 2104 1242 2173 plane
1275 2103 1508 2171 comperi
1541 2102 1607 2154 ad
1632 2103 1763 2155 istas

74 2181 282 2235 litteras
311 2181 592 2250 proferam.
655 2180 817 2232 simul
849 2180 991 2232 enim
1022 2179 1176 2230 finita
1207 2182 1288 2230 est
1320 2177 1610 2229 dicentium
1644 2196 1764 2229 con-

75 2256 244 2309 tentio
267 2255 548 2308 ueritatem
574 2255 855 2307 criminum
880 2254 1145 2321 fidemque
1171 2251 1577 2320 probationibus
1602 2252 1765 2304 certis

20 2395 23 2398 ⁴
77 2329 271 2383 instrui
308 2347 404 2381 nec
443 2329 834 2398 suspicionibus
882 2330 1085 2379 tantam
1126 2326 1483 2379 coniecturam
1522 2326 1763 2394 permitti

14 2425 55 2479 ρο
78 2404 279 2473 placuit
318 2406 476 2472 atque
508 2403 660 2455 illum
692 2403 1032 2471 potissimum
1066 2419 1304 2469 semum,
1334 2401 1426 2470 qui
1459 2400 1604 2452 solus
1636 2400 1767 2452 haec

17 2483 19 2491 ⁴
79 2479 156 2531 ita
188 2480 338 2548 gesta
369 2495 483 2529 esse
515 2477 649 2530 scire
674 2477 952 2544 diceretur,
992 2475 1110 2527 sisti
1143 2474 1315 2527 modis
1341 2475 1588 2526 omnibus
1615 2492 1766 2542 opor-

233 2673 261 2710 4
316 2666 599 2726 <oportere>
654 2668 829 2712 inserui
882 2668 938 2721 cf.
982 2670 1079 2710 186.
1106 2669 1162 2708 20
1344 2670 1397 2707 15
1450 2663 1651 2709 Euenir&
1705 2663 1766 2707 F¹

86 2731 156 2784 15.
177 2730 231 2770 16
262 2728 398 2787 &tem
431 2725 467 2768 F
579 2730 636 2769 20
667 2733 860 2782 peoneq3
894 2742 929 2781 φ
960 2730 1153 2780 §eonem
1186 2724 1299 2781 ng
1412 2728 1467 2767 23
1500 2725 1550 2767 in
1581 2723 1616 2766 F
1648 2725 1767 2767 &nter

86 2787 331 2834 accusator
375 2790 416 2830 et
461 2784 629 2828 urserit
675 2786 893 2830 lacunula
931 2789 1076 2838 extat,
1122 2785 1170 2827 in
1213 2801 1248 2841 φ
1295 2798 1402 2827 man
1448 2797 1531 2827 ree.
1571 2784 1765 2827 inseruit

26 2868 27 2900 3
85 2857 228 2889 reum.
269 2844 399 2889 Haec
421 2845 615 2902 uestiyia
637 2850 813 2889 secutus
835 2858 934 2888 sum
1025 2842 1191 2887 arserit
1221 2842 1282 2886 F²
1372 2847 1426 2885 25
1457 2841 1659 2901 <potui>
1693 2843 1764 2886 in·

25 2916 33 2973 1
85 2934 209 2978 serui
224 2933 280 2988 cf.
301 2937 398 2976 172.
418 2936 474 2975 30
559 2936 614 2976 30
629 2932 923 2989 potissimum
941 2931 1001 2975 F²
1029 2906 1285 2993 §ptissimfi
1302 2931 1404 2987 F¹q>
1417 2933 1444 2974 ὃ
1520 2935 1571 2974 31
1592 2930 1712 2975 iesta.
1728 2930 1764 2974 F

1324 3005 1409 3048 15*

1490 3061 1525 3089 ο
