1916 3132
117 115 188 168 70
781 119 873 166 ΔΕ
881 119 1158 166 YTEPON

117 252 210 308 καὶ
238 255 413 308 δόλου
448 252 657 316 παντὸς
693 252 852 317 ε’κτός
886 252 1160 308 ὠνεῖσθαι
1193 258 1560 326 βουληθείης,
1599 255 1818 327 ἕτοιμος

117 339 397 408 παρέχειν.
472 338 778 407 βούλομαι,
819 341 993 408 ἔφην,
1045 341 1138 392 καὶ
1177 341 1416 394 δείκνυε.
1493 338 1524 393 ὃ
1561 340 1649 409 δέ,
1690 339 1816 406 ὄψει

115 421 239 492 μέν,
278 419 460 489 εἶπεν,
502 421 651 485 ὅπως
686 423 748 475 δὲ
783 421 858 492 μὴ
896 422 1233 492 μικρολόγος
1268 426 1365 494 ἔσῃ
1391 425 1521 496 περὶ
1545 424 1650 495 τὴν
1675 423 1814 494 ἀγο-

118 506 242 576 ράν.
302 505 512 560 σαυτὸν
539 504 849 576 παρεγγύα,
879 510 1042 577 ἔφην,
1070 508 1143 577 μὴ
1169 507 1483 578 βαρύτιμον
1511 507 1656 564 εἶναι
1681 509 1811 579 περὶ

114 589 219 659 τὴν
247 593 570 660 διάπρασιν.
634 592 727 644 καὶ
755 588 815 655 ὃς
843 589 952 645 ὑπὸ
979 593 1159 660 μάλης
1183 612 1235 645 τι
1260 596 1624 661 βαλαντίδιον
1650 596 1810 662 ἔχων,
1841 611 1862 645 5

116 678 465 745 προκομίσας
503 677 804 729 ἐπεδείκνυ
852 679 1033 730 λίθων
1080 679 1405 747 πολυτίμων
1439 675 1726 749 ὑπερφυές
1760 695 1815 730 τι

115 764 326 831 χρῆμα·
386 762 754 840 μαργαρίδες
765 781 823 814 τε
860 757 969 829 γὰρ
1010 762 1221 830 ἐνῆσαν
1260 764 1339 825 εἰς
1365 762 1582 843 καρύου
1608 762 1816 833 μικροῦ

113 845 372 914 μέγεθος,
403 848 479 908 εἰς
506 838 722 899 κύκλον
746 865 806 898 τε
833 845 1082 915 ἀκριβῶς
1106 839 1536 916 ἀπαρτιζόμεναι
1561 849 1655 901 καὶ
1681 851 1817 900 λευ-

115 930 307 1000 κότητι
336 935 601 984 πλεῖστον
628 928 1039 999 ἀγλαιζόμεναι,
1068 930 1388 999 σμάραγδοί
1407 951 1466 985 τε
1492 933 1587 985 καὶ
1611 929 1814 984 ὑάκιν-

112 1021 230 1084 θοι,
259 1018 323 1068 αἳ
342 1016 446 1085 μὲν
473 1007 564 1068 οἶα
593 1014 755 1084 λήιον
780 1012 978 1083 ἠρινόν
998 1014 1349 1084 χλοάζουσαι,
1380 1011 1688 1079 ἐλαιώδοῖς
1706 1013 1812 1069 αὐ-
1842 1032 1883 1067 10

113 1100 213 1163 τάς
237 1120 389 1163 τινος
426 1099 707 1168 λειότητος
741 1096 1194 1168 ὑπαυγαζούσης,
1234 1102 1293 1152 αἳ
1327 1101 1389 1154 δὲ
1429 1099 1810 1170 ἀπεμιμοῦντο

111 1183 311 1255 χροιὰν
336 1183 507 1253 ἀκτῆς
533 1186 838 1247 θαλαττίας
873 1181 972 1236 ὑπ’
1002 1181 1306 1252 ἀγχιβαθεῖ
1326 1186 1581 1255 σκοπέλῳ
1605 1183 1812 1254 μικρὸν

110 1267 568 1339 ὑποφριττούσης
634 1268 727 1322 καὶ
788 1267 851 1322 τὸ
915 1266 1290 1336 ὑποκείμενον
1355 1268 1640 1338 ίαζούσης·
1718 1269 1813 1323 καὶ

112 1352 302 1417 ἁπλῶς
340 1354 620 1423 συμμιγής
667 1373 750 1417 τις
795 1347 868 1423 ἦν
916 1354 1147 1406 πάντων
1194 1353 1287 1405 καὶ
1324 1356 1549 1422 ποικίλη
1587 1373 1812 1423 μαρμα-

113 1441 288 1508 ρυγή,
337 1438 436 1492 τὸν
481 1436 787 1507 ὀφθαλμὸν.
834 1436 1238 1507 εὐφραίνουσα.
1321 1436 1466 1508 ἅπερ
1513 1435 1586 1501 (ὃς
1635 1433 1807 1506 εἶδον,
1839 1455 1881 1488 15

112 1521 351 1591 ἄλλους,
392 1526 564 1593 ἔφην,
604 1522 723 1593 ὥρα
762 1538 853 1577 σοι
891 1524 1012 1586 ξένε
1050 1523 1230 1574 τῶνδε
1269 1522 1544 1591 ἐπιζητεῖν
1570 1520 1806 1592 ὠνητάς,

112 1606 187 1668 ὠς
225 1610 400 1675 ἔγωγε
437 1608 530 1659 καὶ
567 1606 600 1676 ἡ
640 1606 764 1660 κατ’
795 1607 891 1675 ἐμὲ
917 1610 1215 1675 περιουσία
1241 1609 1414 1676 σχολῇ
1438 1609 1599 1674 γοῦν,
1640 1607 1692 1659 εἰ
1715 1605 1808 1660 καὶ

114 1689 236 1753 ἑνὸς
288 1696 373 1760 εἴη
422 1694 538 1744 τῶν
585 1690 890 1761 ὁρωμένων
938 1688 1272 1752 ἰσοστάσιος.
1348 1689 1473 1743 ἀλλ’
1517 1693 1569 1744 εἰ
1603 1691 1697 1744 καὶ
1732 1688 1806 1759 μὴ

112 1778 392 1846 πρίασθαι
418 1776 688 1844 δυνατός,
718 1772 864 1843 εἷπε,
904 1773 1092 1842 δῶρόν
1116 1793 1181 1842 γε
1205 1775 1515 1843 λαμβάνειν
1541 1773 1645 1828 οὐκ
1671 1773 1811 1828 ἀδύ-

111 1879 295 1923 νατος.
355 1860 463 1928 ε’γώ
491 1860 596 1929 μὲν
622 1858 726 1912 οὐκ
754 1857 1045 1925 ἀνίκανος,
1084 1861 1247 1926 ἔφην,
1286 1858 1476 1928 δῶρόν
1499 1878 1564 1927 γε
1591 1861 1809 1928 λαμβά-
1836 1877 1878 1910 20

111 1962 260 1998 νειν·
303 1942 376 1998 σύ
402 1944 454 1997 δ’
484 1942 589 1997 οὐκ
616 1941 706 1997 οἶδ
716 1942 729 1963 ’
758 1942 788 1997 ὅ
823 1964 876 1996 τι
900 1942 1247 2011 βουλόμενος
1271 1947 1480 2008 παίζεις
1504 1942 1660 2012 ἡμᾶς.
1739 1941 1806 1996 οὐ

112 2031 312 2096 παίζω,
366 2026 551 2097 εἶπεν,
601 2027 743 2081 ἀλλά
782 2028 875 2081 καὶ
913 2023 1136 2097 σφόδρα
1175 2026 1497 2094 σπουδάζω,
1537 2028 1631 2079 καὶ
1670 2026 1806 2080 ἑπό-

111 2115 290 2183 μνυμί
325 2133 390 2181 γε
427 2112 527 2166 τὸν
566 2113 870 2182 ἱδρυμένον
909 2111 1118 2164 ἐνθάδε
1154 2109 1296 2164 θεὸν
1333 2110 1552 2164 ἅπαντα
1578 2111 1804 2179 δώσειν,

113 2199 164 2251 εί
192 2197 332 2267 πρὸς
366 2197 583 2259 τούτοις
619 2198 712 2250 καὶ
746 2197 941 2266 ἕτερον
967 2198 1155 2264 δῶρον
1182 2194 1564 2259 ὑποδέξασθαι
1589 2198 1806 2265 βουλη-

109 2284 288 2351 θείης,
317 2282 463 2335 πολύ
490 2282 707 2334 τούτων
735 2281 1131 2351 ε’ριτιμότερον.
1204 2278 1412 2347 ἐγέλων
1437 2281 1580 2348 πρὸς
1603 2282 1797 2333 ταῦτα.
1830 2297 1872 2330 25

112 2368 214 2418 τοῦ
238 2365 300 2418 δὲ
325 2363 430 2433 τὴν
457 2367 641 2419 αἰτίαν
669 2366 1136 2434 πυνθανομένου,
1177 2361 1262 2416 ὅτι
1287 2367 1531 2431 γελοῖον,
1561 2366 1724 2432 ἔφην,
1754 2364 1807 2418 εἰ

111 2453 417 2520 τηλικαῦτα
444 2451 598 2518 δῶρα
625 2449 1192 2518 καθυπισχνούμενος
1218 2446 1447 2514 προσέτι
1473 2449 1566 2500 καὶ
1592 2446 1806 2516 μισθὸν

114 2535 428 2603 ἐπαγγέλλῃ
454 2532 602 2587 πολὺ
628 2536 742 2586 τῶν
769 2534 973 2602 διόρων
1005 2531 1195 2586 αὐτῶν
1222 2530 1636 2601 ὑπερφέροντα.
1704 2534 1806 2585 πί-

115 2633 306 2687 στευε,
357 2613 538 2671 εἶπεν·
589 2615 711 2670 ἀλλ’
754 2617 1001 2687 ἐπόμνυε
1046 2617 1139 2670 καὶ
1178 2613 1344 2678 αὐτὸς
1379 2607 1418 2683 ἦ
1454 2617 1567 2684 μὴν
1604 2614 1805 2685 ἄριστα

114 2703 432 2772 χρήσασθαι
469 2705 546 2772 τῷ
585 2703 777 2772 δώρῳ,
829 2699 922 2754 καὶ
967 2699 1044 2765 ὥς
1087 2700 1161 2753 ἀν
1207 2698 1375 2762 αὐτὸς
1410 2696 1799 2768 ὑφηγήσωμαι.
1830 2715 1872 2750 30

116 2787 435 2856 ἐθαύμαζον
472 2787 576 2853 μὲν
602 2783 850 2858 ἀπορῶν,
891 2786 1192 2853 ἐπώμνυον
1212 2784 1274 2836 δὲ
1299 2786 1605 2852 τηλικαῦτα
1645 2785 1803 2844 ἐλπί-

113 2874 239 2935 ζων.
307 2868 497 2938 ἐπειδὴ
536 2870 601 2922 δέ
632 2889 726 2937 μοι
763 2867 1056 2940 ὀμω’μοστο
1094 2867 1168 2931 ὡς
1195 2868 1409 2930 ἐκεῖνος
1437 2867 1800 2937 ἐπέσκηπτεν,
