1916 3132
13 1003 53 1026 1(

137 100 207 152 58
485 132 490 136 -
859 101 1023 146 LIBRI
1051 101 1118 146 ΙΠ

137 222 297 276 huius
347 222 607 276 uiolentia
651 222 859 291 nititur,
899 241 1059 292 quam
1107 242 1227 276 cum
1278 224 1501 279 scitulae
1561 225 1823 280 formulae

137 298 383 350 iuuenem
433 297 737 366 quempiam
775 297 1005 350 libenter
1051 299 1282 368 aspexit,
1329 299 1473 368 quod
1520 300 1735 369 quidem
1774 301 1838 354 ei·

137 372 273 424 solet
313 371 569 424 crebriter
607 372 835 425 euenire.

246 445 390 498 XVI.
441 445 600 499 Nunc
633 446 794 498 etiam
826 447 1218 500 adulescentem
1252 447 1515 516 quendam
1537 447 1823 502 Boeotium

136 539 341 573 summe
382 520 631 573 decorum
672 511 944 573 efflictims
953 522 1157 590 deperit
1187 524 1436 591 totasque
1471 522 1602 575 artis
1632 541 1822 576 manus
1845 543 1868 576 5

135 597 372 663 <streame
424 596 665 665 exserit),
726 595 998 648 machinas
1061 614 1245 648 omnes
1300 597 1546 649 ardenter
1599 601 1822 650 exercet.

137 669 318 722 audiui
350 669 576 739 uesperi,
615 670 747 723 meis
779 670 879 739 his,
919 670 1153 739 inquam,
1192 671 1410 723 auribus
1443 671 1641 740 audiui,
1680 671 1824 740 quod

135 762 242 796 non
282 743 505 796 celerius
546 743 629 796 sol
674 744 818 797 caelo
858 744 1054 797 ruisset
1099 744 1349 814 noctique
1402 745 1468 797 ad
1505 746 1822 798 exercendas

134 818 427 881 inlecebras
466 819 675 888 magiae
713 819 976 871 maturius
1009 819 1271 887 cessisset,
1308 819 1414 887 ipsi
1439 818 1551 872 Soli
1582 819 1823 872 nubilam

137 892 419 962 caliginem
459 895 512 945 et
550 896 834 961 perpetuas
881 893 1127 945 tenebras
1179 893 1604 946 comminantem,
1679 893 1823 947 hunc
1847 914 1894 946 ιο

84 979 96 1038 vJ
136 968 385 1020 iuuenem
425 986 545 1020 cum
579 986 605 1020 e
637 967 842 1020 balneis
874 967 1072 1020 rediret
1096 968 1227 1036 ipsa,
1262 949 1823 1021 tonstrinaeffesiden-

72 1040 84 1056 ''
136 1044 245 1094 tem
268 1041 519 1094 hesterna
544 1041 627 1094 die
651 1041 790 1094 forte
816 1042 1095 1110 conspexit
1123 1060 1182 1094 ac
1213 1059 1298 1094 me
1333 1041 1553 1110 capillos
1578 1042 1707 1112 eius,
1731 1043 1826 1112 qui

134 1116 241 1167 iam
288 1116 444 1168 caede
485 1115 778 1168 cultrorum
819 1116 1017 1168 desecti
1054 1115 1206 1168 humi
1245 1115 1531 1186 di<spersi>
1569 1116 1827 1186 iacebant,

136 1189 373 1242 clanculo
414 1191 677 1258 praecepit
712 1191 934 1243 auferre.
1006 1208 1139 1259 quos
1186 1208 1271 1242 me
1310 1190 1494 1242 sedulo
1531 1190 1824 1260 furtimque

136 1264 477 1334 colligentem
516 1268 703 1316 tonsor
741 1265 949 1317 inuenit
988 1268 1041 1317 et
1081 1264 1226 1333 quod
1263 1263 1500 1333 alioquin
1530 1264 1824 1333 publicitus
1849 1282 1894 1316 15

135 1338 405 1391 maleficae
446 1339 758 1407 disciplinae
804 1338 1126 1408 perinfames
1178 1356 1387 1407 sumuS,
1435 1338 1707 1407 adreptam
1747 1339 1823 1391 in-

135 1413 420 1465 clementer
452 1413 692 1482 increpat
724 1414 886 1482 ‘tune,
917 1413 1121 1482 ultima,
1153 1431 1261 1465 non
1293 1431 1465 1465 cessas
1498 1413 1722 1466 subinde
1751 1412 1822 1466 le-

135 1490 343 1540 ctorum
383 1488 638 1540 iuuenum
679 1487 1053 1557 capillamenta
1091 1486 1391 1556 surripere?
1469 1487 1612 1556 quod
1650 1487 1823 1540 scelus

134 1561 240 1613 nisi
279 1561 494 1614 tandem
535 1562 742 1614 desines
752 1605 764 1631 ,
810 1562 1217 1632 magistratibus
1264 1564 1317 1614 te
1358 1564 1663 1613 constanter
1711 1561 1824 1614 obi-

135 1635 307 1688 ciam.'
370 1639 424 1688 et
455 1636 680 1688 uerbum
710 1636 851 1688 facto
893 1640 1106 1689 secutus
1146 1635 1387 1688 immissa
1424 1653 1586 1688 manu
1626 1639 1822 1688 scruta·
1846 1655 1892 1687 20

134 1713 222 1762 tus
270 1729 298 1762 e
344 1710 534 1769 mediis
588 1710 803 1778 papillis
857 1711 990 1762 meis
1045 1710 1152 1762 iam
1208 1709 1427 1782 capillos
1483 1709 1823 1762 absconditos

135 1784 586 1853 iratuspabripuit.
647 1802 751 1852 quo
793 1788 945 1853 gesto
986 1785 1224 1853 grauiter
1263 1783 1471 1836 adfecta
1508 1801 1822 1853 mecumque

134 1861 388 1927 reputans
429 1857 673 1910 dominae
710 1876 857 1910 meae
896 1875 1097 1926 moreS,
1153 1858 1296 1926 quod
1340 1857 1500 1909 huius
1549 1857 1695 1910 modi
1744 1875 1822 1910 re-

134 1932 289 2001 pulsa
328 1932 458 1984 satis
500 1932 692 1984 acriter
731 1932 1056 1984 commoueri
1093 1949 1284 2000 meque
1315 1931 1822 2002 uerberarevsaeuis·

135 2007 293 2063 sixmeff
315 2007 615 2075 consueuit,
670 2006 775 2058 iam
823 2005 886 2058 de
931 2005 1061 2075 fuga
1107 2004 1389 2057 consilium
1427 2004 1689 2074 tenebam,
1729 2005 1821 2058 sed
1845 2023 1888 2057 25

134 2081 280 2133 istud
319 2081 534 2149 quidem
573 2080 654 2132 tui
694 2079 1142 2148 contemplatione
1183 2078 1351 2131 abieci
1390 2078 1589 2131 statim.

243 2153 416 2206 XVII.
455 2154 657 2206 Verum
690 2173 811 2207 cum
841 2154 1014 2207 tristis
1046 2153 1167 2205 inde
1200 2153 1521 2204 discederem
1555 2153 1643 2221 [ne
1674 2171 1821 2222 pror-

138 2247 228 2281 sus
283 2228 467 2281 uacuis
518 2247 624 2280 ma·
666 2229 737 2298 [p.
766 2228 852 2281 49.
884 2228 971 2298 E]
1019 2227 1177 2280 nibus
1227 2227 1492 2295 redirem,]
1550 2227 1819 2296 conspicio

255 2395 278 2433 1
311 2388 480 2433 nititur
503 2389 583 2445 Fcp
617 2391 710 2446 (sed
731 2390 783 2433 in
798 2389 834 2432 F
858 2402 1008 2433 omnes
1031 2388 1203 2432 litterae
1219 2389 1365 2431 denuo
1382 2387 1638 2443 rescriptae)
1670 2385 1821 2430 utitur
1895 2412 1898 2414 Δ

136 2451 204 2506 &g
220 2451 285 2494 ed.
297 2450 446 2505 princ.
530 2453 555 2491 6
575 2448 605 2507 <
611 2451 797 2492 strenue
815 2447 1022 2506 exserit>
1039 2448 1215 2491 inserui
1230 2448 1285 2502 cf.
1299 2446 1430 2491 Hild.
1443 2461 1491 2503 p.
1505 2450 1590 2489 530
1667 2449 1721 2489 13
1740 2445 1819 2490 de-

137 2508 254 2553 secti
285 2509 389 2552 add.
407 2508 507 2552 cdd.
526 2522 608 2553 om.
627 2508 678 2551 Ε.
719 2506 850 2550 humi
875 2505 1145 2566 di<spersi>
1167 2505 1389 2549 iacebant
1418 2506 1582 2562 scripsi
1611 2505 1669 2559 cf.
1703 2508 1772 2549 65.
1791 2509 1818 2548 9
1901 2555 1909 2559 ‚

134 2566 317 2611 humidi
355 2565 576 2610 iacebant
613 2566 648 2609 F
658 2567 671 2592 ¹
731 2566 863 2610 humi
900 2565 1121 2610 iacebant
1159 2575 1197 2619 φ
1259 2564 1390 2608 humi
1429 2563 1713 2608 adiacebant
1750 2565 1820 2621 dg

139 2677 194 2715 14
223 2669 465 2728 praecepit
497 2668 677 2713 auferre
704 2670 946 2727 Scioppius
975 2669 1032 2724 cf.
1051 2672 1121 2712 49.
1139 2672 1167 2711 4
1204 2639 1465 2724 pcipitaui*
1496 2668 1542 2722 (τ
1566 2667 1670 2711 add.
1689 2681 1746 2710 m.
1762 2667 1819 2723 r.)

136 2731 256 2775 ferre
276 2731 311 2773 F
342 2727 595 2787 §cipitauit
611 2728 642 2771 f.
669 2731 783 2786 ‹pBg
856 2734 910 2773 19
934 2728 1231 2772 incontanter
1247 2727 1461 2771 Beroald.
1532 2730 1667 2768 2Ο.21
1694 2739 1821 2769 scru-

136 2791 266 2833 tatus
298 2792 370 2834 est
402 2803 426 2833 e
458 2789 487 2831 ὃ
586 2792 639 2831 21
673 2788 821 2832 medis
861 2788 920 2831 F1
1011 2791 1066 2830 22
1099 2785 1298 2842 arripuit
1327 2787 1427 2831 cdd.
1513 2789 1568 2828 23
1599 2783 1737 2828 huius
1770 2783 1821 2828 di

135 2848 240 2904 Fltp
272 2848 410 2892 huius
435 2846 503 2892 rei
527 2848 596 2903 dg
622 2848 690 2904 (in
714 2847 748 2890 F
774 2848 880 2892 add.
913 2860 988 2890 mo
1015 2847 1168 2890 eadem
1190 2859 1368 2900 manus,
1392 2858 1507 2901 quae
1533 2844 1678 2888 multa
1698 2855 1820 2888 nouo

136 2913 388 2953 atramento
417 2907 647 2963 repetiuit>
741 2911 809 2950 27.
829 2910 884 2968 28
916 2907 1057 2951 uerba
1086 2917 1144 2948 ne
1162 2930 1219 2936 —
1234 2903 1436 2948 redirem
1473 2903 1692 2948 transtuli
1713 2906 1820 2958 post
