1916 3132
156 80 223 133 98
823 87 908 133 TE
915 88 1003 134 TA
1009 87 1195 134 ΡΤΟΝ

159 218 222 274 ἐκ
261 224 376 272 τῶν
413 225 751 288 Χαρικλείας
795 227 999 291 χειρῶν
1045 225 1108 277 τὸ
1157 224 1486 293 νικητήριον
1535 221 1845 279 ἀποίσεται.

157 306 263 373 τήν
302 303 354 357 δ’
395 303 734 375 ἀποτυχίαν,
785 309 960 375 ἔφην,
1010 306 1104 361 καὶ
1141 306 1243 376 τὴν
1284 307 1344 361 ἐκ
1384 307 1588 377 ταύτης
1624 307 1856 372 ἀδοξίαν

158 387 414 459 οὐδαμοῦ
440 393 687 454 τίθεσαι;
729 392 823 443 καὶ
849 394 956 459 τίς,
997 389 1172 460 εἶπεν,
1211 391 1387 455 οὕτως
1423 394 1568 446 ἰδεῖν
1593 393 1688 446 καὶ
1712 395 1857 462 πλη-

158 474 351 528 σιάσαι
377 478 686 545 Χαρικλείᾳ
720 480 970 543 μανικῶς
1008 477 1364 531 ἐσπούδακεν
1401 476 1545 530 ὥστε
1579 496 1648 544 με
1674 495 1857 543 παρα-

159 560 428 628 δραμεῖν;
469 564 595 613 τίνα
631 560 693 614 δὲ
730 559 908 624 οὕτως
942 558 975 630 ἡ
1012 560 1139 625 ὄψις
1175 561 1392 630 ἐκείνης
1427 561 1564 630 τάχα
1603 561 1696 614 καὶ
1722 579 1856 614 πτε-

161 648 339 714 ρῶσαι
366 646 603 698 δύναται
631 643 724 697 καὶ
749 645 1054 714 μετάρσιον
1082 647 1529 710 ἐπισπάσασθαι;
1558 644 1662 699 οὐκ
1689 641 1859 698 οἶσθα

159 727 244 783 ὅτι
270 728 364 782 καὶ
390 728 489 782 τὸν
519 728 737 797 Ἔρωτα
764 735 1069 798 πτεροῦσιν
1096 732 1154 784 οί
1174 731 1513 799 γράφοντες,
1541 729 1602 784 τὸ
1631 727 1860 798 εὐκίνη-

159 833 259 867 τον
295 816 410 867 τῶν
448 811 543 867 ὑπ’
575 813 752 868 αὐτοῦ
790 816 1223 884 κεκρατημένων
1261 816 1667 884 αἰνιττόμενοι,
1709 815 1760 867 εἰ
1797 813 1864 867 δέ

159 919 213 952 τι
240 899 332 952 δεῖ
352 897 448 951 καὶ
485 901 708 967 κόμπου
742 909 1036 966 προσεῖναι
1070 909 1186 962 τοῖς
1212 901 1550 968 εἰρημένοις,
1588 897 1776 961 οὐδεὶς
1803 896 1860 959 ἐς

159 985 265 1053 τὴν
299 983 544 1053 τήμερον
583 987 719 1036 ποσί
749 1004 817 1053 με
851 982 1160 1052 παρελθών
1197 984 1560 1051 ἐσεμνύνατο.

266 1071 442 1120 ταῦτα
470 1065 590 1121 εἷπε
618 1070 711 1120 καὶ
738 1066 1012 1137 ἀνήλατο,
1042 1069 1349 1136 παρελθών
1374 1087 1434 1122 τε
1462 1070 1539 1131 εἰς
1564 1055 1770 1136 μέσους
1795 1064 1859 1129 τό

159 1172 219 1206 τε
246 1151 426 1220 ὄνομα
453 1153 839 1222 προσήγγελλε
866 1152 960 1204 καὶ
986 1154 1047 1204 τὸ
1066 1155 1235 1215 ἔθνος
1255 1153 1462 1223 ἐδήλου
1491 1150 1585 1206 καὶ
1603 1155 1706 1205 τοῦ
1726 1150 1859 1219 δρό-

160 1256 271 1305 μου
310 1235 413 1305 τήν
452 1238 644 1306 χώραν
684 1239 1020 1306 ἐκληροῦτο,
1062 1236 1155 1290 καὶ
1193 1235 1295 1305 τὴν
1335 1239 1656 1291 πανοπλίαν
1695 1233 1860 1296 ἐνδὺς

163 1322 485 1391 ἐφειστήκει
523 1325 589 1391 τῇ
628 1310 886 1389 βαλβῖδιζ
926 1320 1026 1375 τὸν
1066 1324 1277 1390 δρόμον
1315 1317 1652 1390 ἀσθμαίνων
1678 1322 1770 1373 καὶ
1794 1317 1857 1372 τὸ

162 1405 314 1475 παρὰ
340 1410 437 1476 τῆς
463 1405 769 1474 σάλπιγγος
797 1405 1097 1476 ἐνδόσιμον
1133 1405 1290 1461 ἄκων
1328 1407 1420 1460 καὶ
1455 1407 1617 1475 μόγις
1642 1403 1855 1473 ἀναμέ-

162 1511 298 1556 νων,
340 1491 551 1559 σεμνόν
576 1511 628 1543 τι
652 1491 839 1559 θέαμα
866 1492 959 1544 καὶ
985 1494 1378 1560 περίβλεπτον,
1419 1490 1512 1544 καὶ
1537 1483 1661 1543 οἷον
1683 1487 1862 1556 ’Ὄμη-

165 1595 262 1643 ρος
287 1573 389 1628 τόν
415 1573 667 1643 Ἀχιλλέα
702 1576 807 1646 τὴν
844 1576 934 1629 ἐπὶ
964 1577 1324 1646 Σκαμάνδρῳ
1361 1578 1544 1645 μα’χην
1571 1572 1861 1628 ἀθλοῦντα

164 1664 519 1761 παρίστησιν.
577 1660 867 1729 ἐκεκίνητο
894 1662 998 1728 μὲν
1025 1659 1093 1730 δὴ
1125 1661 1217 1714 καὶ
1245 1664 1396 1713 πᾶσα
1423 1659 1561 1728 πρὸς
1586 1658 1648 1712 τὸ
1676 1657 1862 1726 παρά-

166 1746 333 1808 δοξον
368 1741 401 1812 ἡ
435 1741 656 1811 Ἑλλάς,
698 1747 790 1797 καὶ
821 1746 1087 1812 Θεαγένει
1126 1749 1291 1814 νίκην
1329 1742 1560 1814 ηὔχετο,
1602 1741 1861 1809 καθάπερ

1891 1006 1916 1040 l(

165 1828 333 1892 αὐτός
358 1849 439 1890 τις
465 1829 697 1890 ε’καστος
734 1824 1163 1898 ἀγωνιζόμενος·
1209 1828 1511 1899 ἐπακτικὸν
1544 1828 1652 1899 γάρ
1688 1846 1739 1879 τι
1765 1825 1860 1878 καὶ
1889 1849 1916 1881 21

166 1913 340 1982 πρὸς
332 1933 446 1966 των
474 1911 743 1981 οριόντων
772 1915 849 1976 εἰς
876 1913 1108 1981 εῦνοιαν
1146 1933 1207 1967 το
1221 1916 1472 1990 κάλλος·
1514 1916 1773 1980 κεκίνητο
1801 1908 1863 1963 δὲ

164 1997 197 2067 ἡ
226 2001 533 2068 Χαρίκλεια
560 1996 699 2065 πρὸς
725 2001 912 2051 πᾶσαν
939 1984 1283 2067 ὑπερβολήν,
1324 1999 1416 2052 καὶ
1454 1995 1607 2051 εἶδον
1633 1996 1695 2050 ἐκ
1722 1997 1859 2048 πολ-

167 2086 271 2135 λοῦ
310 2102 652 2151 παρατηρων
691 2102 958 2144 παντοιας
1006 2084 1502 2154 μεταβαλλομένην
1553 2083 1718 2143 ἰδέας.
1790 2097 1864 2140 ως

166 2167 275 2236 γὰρ
305 2169 383 2229 εἰς
409 2165 587 2235 ἀκοὴν
615 2168 846 2220 πάντων
883 2165 911 2219 ὁ
946 2166 1122 2236 κῆρυξ
1150 2165 1282 2229 τοὺς
1307 2167 1732 2236 δραμουμένους
1757 2183 1863 2216 κα-

167 2253 461 2321 τήγγειλεν
509 2249 707 2304 ἀνεῖπέ
749 2271 810 2304 τε
849 2257 883 2280 “
898 2249 1167 2321 ’Όρμενος
1199 2250 1395 2321 Ἀρκάς
1441 2255 1534 2304 καὶ
1584 2249 1864 2324 Θεαγένης
1893 2271 1916 2303 2

174 2336 517 2403 Θετταλός,”
560 2320 819 2403 ἔσχαστο
821 2356 925 2404 μεν
951 2335 983 2406 ἡ
1011 2330 1261 2406 ὕσπληξ,
1295 2337 1484 2389 τέτατο
1511 2336 1572 2387 δὲ
1601 2332 1630 2386 ὁ
1656 2334 1864 2401 δρόμος

167 2425 374 2490 μικροῦ
413 2420 507 2472 καὶ
541 2418 643 2488 τὴν
677 2440 793 2473 των
830 2419 1143 2491 ὀφθαλμῶν
1169 2420 1482 2489 κατάληψιν
1511 2416 1861 2485 ὑποτέμνων.

170 2507 422 2558 ἐνταῦθα
450 2502 583 2558 οὐδὲ
611 2502 872 2573 ἀτρεμεῖν
900 2508 979 2558 ἔτι
1001 2515 1254 2574 κατεῖχεν
1279 2503 1311 2574 ἡ
1340 2507 1509 2573 κόρη,
1538 2499 1659 2556 ἀλλ’
1686 2499 1863 2569 ἐσφά-

171 2578 393 2658 δαζενόἡ
419 2589 584 2657 βάσις
610 2590 703 2641 καὶ
731 2590 791 2641 ors
809 2589 977 2652 πόδες
1004 2589 1298 2657 ἐσκίρτων,
1327 2587 1538 2658 ὥσπερ,
1567 2584 1738 2656 οἶμαι,
1766 2588 1864 2652 τῆς

169 2675 349 2743 ψυχῆς
365 2677 442 2744 τῷ
465 2672 731 2741 Θεαγένει
753 2672 1221 2742 συνεξαιρομένης
1246 2674 1338 2725 καὶ
1365 2671 1464 2725 τὸν
1485 2673 1697 2741 δρόμον
1717 2683 1863 2737 συμ-
1893 2689 1916 2724 a

170 2758 661 2827 προθυμουμένης.
717 2760 774 2810 οἱ
803 2759 906 2826 μὲν
942 2756 1009 2827 δή
1035 2760 1263 2826 θεαταί,
1299 2758 1574 2825 μετέωρος
1600 2754 1743 2816 ἅπας
1771 2753 1864 2807 ἐπὶ

170 2840 232 2894 τὸ
270 2842 476 2911 μέλλον
514 2841 607 2894 καὶ
645 2841 891 2910 ἀγωνίας
928 2840 1263 2911 ἀνάμεστος,
1306 2842 1412 2908 ἐγώ
1454 2841 1514 2893 δὲ
1553 2840 1646 2893 καὶ
1671 2837 1862 2903 πλέον,
