1916 3132
55 0 63 7 ,
269 0 299 32 ἔ,
346 0 587 38 'ep-‘iffi'
644 0 682 33 ἱ..
739 0 859 37 dm.
915 0 941 28 e,
1038 0 1065 20 s

179 137 285 189 292
871 140 1059 187 ΔΕΚΑ
1065 139 1206 187 ΤΟΝ

183 277 536 346 ἐμαρτύρησε
575 279 667 330 καὶ
693 275 755 330 τὸ
783 280 898 330 τῶν
929 280 1086 330 θεῶν
1113 274 1340 346 εὐμενὲς
1375 274 1486 346 πρὸ
1523 277 1751 332 πάντων
1775 275 1881 332 ἆν-

183 359 408 425 έδειξεν.
450 360 578 413 ἀλλ’
607 359 801 414 οὑτοσὶ
839 364 922 425 τίς
948 363 1082 414 ποτέ
1115 361 1270 415 ἐστιν
1290 358 1319 415 ὁ
1358 359 1446 414 σοὶ
1470 362 1576 432 μὲν
1601 361 1715 433 ἅμα
1740 366 1880 416 συλ-

183 446 425 515 ληφθεὶς
451 444 546 498 καὶ
574 447 650 508 εἰς
675 447 772 509 τὰς
800 445 1112 509 ἐπινικίους
1139 445 1388 509 σπονδὰς
1414 455 1531 510 τοῖς
1554 453 1712 510 θεοῖς
1737 463 1882 518 συμ-

182 533 521 600 φυλαχθείς,
571 530 703 584 νυνὶ
750 531 812 585 δὲ
860 541 975 595 τοῖς
1019 534 1231 600 βωμοῖς
1281 532 1358 593 εἰς
1404 528 1508 600 τὴν
1555 532 1882 603 ἱερουργίαν

181 616 659 686 προσιδρυμένος;
711 614 748 684 ἦ
787 634 903 679 πως
941 614 1137 672 αὐτὸν
1154 607 1418 686 ἀδελφὸν
1444 612 1741 686 ὠνόμαζες,
1790 614 1880 670 ὅτε

124 700 127 702 ’
180 720 275 770 μοι
311 701 375 755 τὸ
415 719 640 769 πρωτον
679 701 819 753 κατὰ
854 698 955 770 τῆν
982 700 1218 770 Συήνην
1243 701 1624 770 προσήχθητε;
1665 699 1735 754 οὐ
1769 698 1879 772 γὰρ

182 786 253 855 δή
278 803 391 838 που
418 786 511 838 καὶ
537 782 705 847 αὐτὸς
727 782 991 854 ἡμέτερος
1016 782 1138 847 υίὸς
1165 781 1558 855 εὑρεθήσεται·
1600 783 1746 850 ἅπαξ
1771 783 1878 856 γὰρ

182 875 433 935 Περσῖνα
472 872 564 922 καὶ
603 870 665 924 σὲ
702 869 883 940 μόνην
923 870 1294 938 ἐκυοφόρησε.
1371 868 1465 922 καὶ
1502 868 1535 939 ἡ
1572 872 1881 944 ἱζοέρέῖᾈλεια

182 952 292 1007 σὺν
321 954 637 1024 ἐρυθήματι
664 953 811 1008 κάτω
849 954 1119 1022 νεύσασα,
1159 954 1258 1007 τὸν
1295 955 1399 1022 μὲν
1425 953 1679 1023 ἀδελφὸν
1706 953 1877 1019 ἐψευ-

183 1041 389 1108 σάμην,
430 1041 556 1108 ἔφη,
585 1041 679 1108 τῆς
703 1042 891 1107 χρείας
928 1038 989 1091 τὸ
1017 1038 1244 1106 πλάσμα
1270 1040 1601 1108 συνθείσης·
1643 1036 1796 1102 ὅστις
1820 1039 1888 1094 δέ
1897 1066 1916 1100 1

185 1125 340 1178 ἐστιν
377 1123 627 1193 άληθῶς,
667 1121 836 1186 αὐτὸς
874 1121 946 1177 ἄν
984 1123 1137 1191 λέγοι
1174 1124 1414 1191 βέλτιον.
1490 1121 1636 1193 ἀνήρ
1674 1143 1735 1177 τε
1771 1123 1880 1192 γάρ

184 1210 319 1275 ἐστι,
343 1210 435 1261 καὶ
460 1205 911 1277 εὐθαρσέστερον
942 1209 1082 1277 ἐμοῦ
1109 1211 1205 1277 τῆς
1223 1205 1492 1275 γυναικὸς
1523 1207 1882 1279 ἐξαγορεύειν

183 1291 288 1346 οὐκ
327 1293 782 1362 αἰσχυνθήσεται.
848 1290 997 1346 καὶὸ
1025 1289 1301 1361 Ὑδάσπης
1333 1291 1406 1362 μῆ
1447 1289 1882 1362 συμβαλώντὸν

182 1381 328 1431 νοῦν
352 1380 466 1430 τῶν
495 1378 824 1447 εἰρημένων,
864 1377 1178 1445 σύγγνωθι,
1215 1379 1341 1447 ἔφη,
1368 1377 1702 1447 θυγάτριον,
1743 1396 1881 1430 κατ-

186 1464 578 1531 ερυθριάσασα
627 1461 701 1514 δι’
743 1459 895 1542 ,ἡμεῖς
949 1465 1298 1531 παρθενικῆς
1355 1462 1549 1524 αἰδοῦς
1595 1459 1914 1515 άνοίκειονι

185 1550 387 1612 πεῦσιν
412 1543 555 1615 ὑπὲρ
582 1548 813 1599 νεανίου
840 1538 1434 1621 σοιῆπὶρρὴσαγῂαγρζῃας.
1498 1545 1643 1598 ἄλλα
1680 1543 1752 1598 σὺ
1775 1545 1882 1615 μὲν

186 1630 328 1685 κατὰ
361 1629 465 1700 τῆν
500 1629 715 1700 σκηνὴν
758 1629 868 1701 ἅμα
906 1634 974 1701 τῇ
1011 1633 1177 1701 μητρὶ
1215 1629 1460 1700 κάθησο,
1508 1631 1883 1710 ε’,πιΙ-ευφραίνε-

188 1718 332 1769 σθαί
351 1708 892 1806 τὲεζοιὶπαρέχουσα,
933 1717 1107 1769 πλέον
1131 1711 1168 1784 ἦ
1195 1714 1284 1768 ὅτε
1310 1730 1373 1768 σε
1398 1718 1612 1769 ἔτικτεν
1638 1712 1880 1768 ὦδινού-

187 1814 256 1870 σῃ
283 1797 387 1869 τήν
415 1800 504 1852 ἐπὶ
532 1800 621 1852 σοὶ
647 1798 709 1852 τὸ
735 1799 921 1869 παρὸν
948 1798 1284 1868 ἀπόλαυσιν,
1314 1801 1406 1852 καὶ
1431 1808 1547 1863 τοῖς
1572 1798 1712 1853 κατὰ
1737 1813 1882 1852 σαυ-

185 1885 291 1955 τὴν
329 1883 631 1953 διηγήμασι
669 1886 1098 1954 παρηγοροῦσα·
1138 1882 1272 1953 ῆμιν
1307 1885 1370 1937 δὲ
1396 1904 1509 1937 των
1538 1885 1758 1951 ἱερείων
1781 1901 1916 1953 gas-2

187 1971 364 2039 λήσει,
402 1966 660 2052 ,ης-ἀντὶ
696 1972 800 2020 σοῦ
844 1968 1413 2037 σφαγιασθησομένης
1438 1966 1549 2036 ἅμα
1573 1970 1651 2038 τῷ
1686 1970 1883 2037 νεανίᾳ

186 2056 484 2122 παντοίως,
524 2058 581 2107 εἴ
610 2073 736 2106 τινα
777 2051 1040 2122 εὕροιμεν
1078 2051 1362 2120 ἀνταξίαν,
1410 2051 1566 2105 ἐπιλε
1601 2053 1809 2120 θείσης.

105 2137 171 2191 19
297 2139 391 2191 καὶ
443 2135 474 2207 ἡ
512 2139 818 2207 Χαρρκλεια
855 2140 1060 2206 μικροῦ
1098 2138 1200 2205 μὲν
1238 2135 1331 2189 καὶ
1369 2135 1693 2203 ἐξωλόλυξε,
1741 2133 1883 2204 πρὸς

187 2223 292 2292 τὴν
313 2222 564 2291 δήλωσιν
581 2226 678 2291 τῆς
703 2224 806 2274 τοῦ
826 2223 1140 2289 Θεαγένους
1168 2224 1388 2290 σφαγῆς
1409 2221 1877 2290 ἐκτραχυνθεῐσα·

187 2306 347 2376 μόγις
373 2299 563 2366 δ’,οὗν
589 2307 650 2360 τὸ
689 2307 982 2376 συμφέρον
1008 2304 1397 2372 άντιτιθεμένη
1434 2303 1573 2374 πρὸς
1609 2303 1671 2356 τὸ
1708 2304 1916 2372 gupa—2

189 2391 289 2444 νὲν
314 2394 416 2443 τοῦ
442 2389 665 2453 πάθους
692 2391 785 2443 καὶ
811 2388 904 2443 διὰ
930 2388 993 2443 τὸ
1018 2390 1281 2458 χρειῶδες
1317 2388 1718 2458 ἐγκαρτερῆσαι
1752 2390 1883 2456 βια-

191 2477 423 2545 σαμένη,
452 2474 623 2527 πάλιν
648 2462 1013 2545 ὑφεΐρπεΙτὸν
1041 2456 1283 2541 σκοπόνζ
1303 2476 1396 2525 καὶ
1422 2465 1468 2525 ὦ
1495 2474 1735 2526 δέσποτα
1759 2473 1882 2525 ἕλε-

189 2579 310 2628 γεν,
348 2556 472 2611 ἀλλ’
501 2557 634 2611 οὐδὲ
672 2559 849 2659 κόρην
882 2559 987 2627 μὲν
1023 2563 1155 2621 ἴσως
1189 2560 1269 2612 ἔτι
1304 2558 1477 2626 ἐχρῆν
1502 2571 1566 2610 σε
1591 2555 1880 2625 ἐπιζητεῖν,

191 2641 338 2707 ἅπαξ
365 2645 467 2696 τοῦ
496 2642 679 2711 δήμου
714 2640 776 2695 τὸ
807 2644 1013 2712 ἱερεῖον
1039 2641 1100 2696 τὸ
1125 2645 1277 2711 θῆλυ
1305 2639 1380 2694 δι’
1411 2640 1551 2709 ἐμοῦ
1585 2641 1881 2710 συγχωρή-

193 2742 419 2789 σαντος·
474 2728 525 2779 εἰ
560 2726 615 2779 δ’
653 2718 758 2779 οὖν
796 2729 1293 2796 προσφιλονεικοίη
1332 2745 1414 2787 τις
1449 2723 1677 2824 (ἐρ-τιον
1689 2725 1783 2776 καὶ
1822 2723 1916 2787 ἐξᾶ

193 2810 355 2864 ἑκατέ
390 2830 459 2864 ου
495 2811 696 2878 γένους
731 2811 1107 2864 ἐπιτελεῖσθαι
1132 2808 1251 2885 τῆν
1254 2810 1604 2880 ιερουργίαν,
1643 2806 1764 2877 (ὅρα
1790 2820 1916 2862 σοι

191 2893 340 2964 μῆκ
308 2831 487 2965 κῖρην
523 2894 704 2964 μόνην
743 2893 884 2963 ἄλλα
921 2893 1014 2948 καὶ
1051 2873 1284 2948 νεανῖαν
1310 2892 1486 2947 άλλον
1514 2894 1804 2962 ἐπιζητεῖν,
1842 2890 1880 2960 ἦ

1901 3087 1916 3132 ⁴!
