1916 3132
0 51 3 54 .
61 0 371 61 mur-ruffi
390 0 400 1 ’
574 0 597 14 ”
617 0 627 6 ’
650 0 823 32 ’κ’-[νη
936 0 970 8 ’ν
987 0 997 8 -
1036 0 1247 39 (xmo-7·-

743 130 1084 180 ΔΕΚΑΤΟΝ
1664 128 1771 181 275

0 296 1 299 ¹
78 273 416 342 τεταγμένον
454 273 746 340 ἔπραττον,
788 268 880 321 καὶ
918 268 1016 331 τάς
1052 286 1112 321 τε
1150 265 1399 336 κεφαλὰς
1436 269 1512 337 τῷ
1538 269 1773 338 Νειλςόῳ

0 350 2 353 ’
78 359 237 429 λωτῷ
262 356 705 420 καταστέψαντες
730 354 822 407 καὶ
856 354 1135 421 φοινίκων
1160 352 1447 421 πτόρθους
1470 360 1590 414 ταῖς
1614 355 1773 422 χερσὶ

26 490 31 503 .,
78 444 467 504 κατασείοντες
480 429 551 517 ξτά
573 435 947 507 ἐπισημότερα
966 439 1062 506 τῆς
1087 435 1301 499 πόλεως
1327 436 1771 507 καθιππεύοντο,

76 524 180 596 τήν
219 528 384 595 νίκην
421 519 512 579 καὶ
550 524 705 595 μόνῳ
731 524 807 593 τῷ
833 520 1068 590 σχήματι
1095 520 1541 591 δημοσιεύοντες.
1599 521 1774 591 ἐμπέ-

4 635 48 675 15
76 613 289 680 πληστο
307 612 452 679 γοῦν
472 606 674 662 αὐτίκα
699 609 871 677 χαρᾶς
892 605 925 675 ἡ
950 604 1166 675 Μερόη,
1188 605 1415 675 νύκτωρ
1440 625 1500 658 τε
1526 606 1619 659 καὶ
1639 605 1770 676 μεθ’

73 694 289 766 ἡμέραν
325 691 527 765 χοροὺς
565 693 657 747 καὶ
696 694 901 754 θυσίας
938 683 1078 744 κατὰ
1125 691 1258 759 γένη
1298 692 1391 744 καὶ
1440 688 1643 759 ἀγυιάς
1679 693 1774 745 καὶ

76 782 316 850 φατρίας
351 788 466 854 τοῖς
500 783 657 840 θεοῖς
697 775 1028 844 ἀναγόντων
1064 775 1250 828 καὶτὰ
1277 776 1476 844 τεμένη
1503 789 1774 829 καταστε-

76 867 326 936 φόντων,
366 861 470 918 οὐκ
499 861 590 917 ε’πὶ
616 865 683 932 τῇ
709 865 840 932 νίκῃ
867 862 1140 914 τοσοῦτον
1179 857 1316 913 ὅσον
1354 859 1446 914 ἐπὶ
1481 863 1549 929 τῇ
1588 875 1773 930 σωτη-

77 953 170 1021 ρία
216 951 284 1019 τῇ
331 951 433 1002 τοῦ
469 945 755 1010 Γδάσπου
806 944 1252 1015 θυμηδούντων,
1302 941 1634 1015 ἀνδρόςχδί
1677 943 1773 999 εὐ-

0 1063 53 1098 ,ω
81 1037 285 1103 νομίαν
310 1053 369 1086 τε
391 1031 503 1101 άμα
529 1030 622 1083 καὶ
659 1029 718 1083 τὸ
759 1028 899 1099 πρὸς
926 1028 1058 1093 τούς
1084 1025 1369 1098 ὑπηκόους
1393 1025 1566 1083 ἵλεων
1592 1049 1652 1083 τε
1678 1029 1773 1083 καὶ

0 1163 1 1174 1
75 1113 589 1190 ἥμερον>πατρικόν
614 1135 740 1169 τινα
767 1118 945 1183 ἔρωτα
971 1122 1085 1176 τοῖς
1111 1114 1306 1183 δήμοις
1332 1113 1714 1183 ένστάξαντος.

180 1200 215 1272 ἡ
241 1196 302 1255 δὲ
328 1205 583 1269 Περσῖνα
608 1202 762 1268 βοῶν
787 1218 846 1252 τε
873 1196 1072 1266 ἀγέλας
1098 1198 1190 1251 καὶ
1216 1184 1406 1251 ἵππων
1433 1197 1525 1251 καὶ
1552 1199 1771 1268 προβά-
1796 1202 1834 1255 4

74 1306 186 1340 των
212 1275 525 1356 ὀρύγωνῖτε
560 1282 652 1336 καὶ
688 1286 924 1352 γρυπῶν
950 1283 1043 1335 καὶ
1078 1280 1268 1335 ἄλλων
1303 1283 1459 1347 ζώων
1486 1286 1773 1337 παντοίων

52 1371 153 1434 ἐἰς
189 1370 299 1440 τὴν
339 1371 577 1437 περαίαν
605 1366 819 1437 ὀργάδα
858 1367 1253 1437 προπέμψασα,
1294 1369 1361 1419 τὰ
1400 1369 1503 1436 μὲν
1541 1367 1685 1422 ὥστε
1713 1371 1770 1434 ἐξ

9 1482 55 1516 ,5,
75 1453 312 1510 ἑκάστου
337 1455 538 1522 γένους
564 1452 879 1522 ἑκατόμβην
906 1453 984 1515 εἰς
1008 1449 1111 1519 τὴν
1135 1453 1350 1504 θυσίαν
1376 1449 1770 1522 ηὐτρεπίσθαι,

73 1539 141 1594 τοὶ
180 1541 240 1593 δὲ
280 1537 423 1591 ὥστε
461 1539 538 1599 εἰς
589 1535 830 1605 εὐωχίαν
869 1532 1013 1589 εἶναι
1050 1544 1166 1598 τοῖς
1203 1534 1426 1604 δήμοις,
1475 1537 1632 1599 τέλος
1677 1539 1771 1590 καὶ

73 1622 224 1694 παρὰ
250 1620 381 1685 τοὺς
406 1618 873 1691 Γυμνοσοφιστὰς
901 1621 1172 1687 ἐλθοῦσα,
1210 1624 1434 1689 οἴκησιν
1458 1614 1801 1687 'dff-HQAE-Qv‘

73 1708 500 1777 πεποιημένους,
526 1706 590 1759 τό
615 1725 674 1758 τε
700 1702 850 1773 παρὰ
878 1708 981 1758 τοῦ
994 1702 1274 1758 Τδάσπου
1301 1707 1528 1775 γράμμα
1561 1706 1768 1775 ἐνεχεί-
1818 1701 1836 1707 ”

75 1795 203 1861 ριζε,
232 1792 326 1844 καὶ
352 1789 770 1859 συμπαρεκάλει
795 1792 1106 1859 πεισθῆναί
1127 1808 1187 1842 τε
1224 1786 1477 1853 ἀξιοῦντι
1502 1789 1579 1861 τῷ
1602 1792 1768 1858 βασι-

28 1901 51 1936 0.
73 1878 165 1929 λεῖ
186 1873 278 1928 καὶ
304 1875 506 1929 δοῦναι
532 1875 625 1927 καὶ
650 1870 795 1943 αὐτῇ
819 1871 882 1927 τὸ
908 1874 1075 1943 μέρος
1100 1871 1203 1942 τὴν
1222 1876 1409 1943 χάριν,
1439 1871 1652 1944 κόσμον
1671 1878 1768 1943 τῆς

71 1958 439 2029 πανηγύρεως
463 1961 531 2028 τῇ
556 1960 839 2029 παρουσίᾳ
864 1956 1213 2027 γινομένους.
1254 1960 1310 2011 οἳ
1333 1959 1393 2011 δὲ
1421 1957 1615 2027 ὀλίγον
1643 1958 1766 2011 ἐπι-

72 2052 258 2112 μεῖναι
294 2042 679 2110 κελεύσαντες,
708 2043 802 2095 καὶ
830 2044 906 2105 εἰς
930 2041 993 2096 τὸ
1023 2038 1233 2095 ἄδυτον
1260 2042 1642 2113 παρελθόντες
1669 2040 1764 2097 εὔ-

71 2132 270 2196 χεσθαι
308 2147 381 2190 ως
418 2129 575 2195 ἔθος,
624 2124 776 2196 παρά
813 2129 970 2180 θεων
1005 2124 1068 2180 τό
1108 2127 1387 2196 πρακτέον
1426 2130 1763 2198 πυθόμενοι,

72 2209 274 2280 μικρὸν
299 2209 652 2273 διαλιπόντες
678 2209 1020 2279 ἐπανῆλθον.
1078 2210 1171 2264 καὶ
1198 2232 1313 2264 των
1338 2210 1529 2266 άλλων
1555 2213 1765 2281 σιγών-

36 2313 191 2358 ᾒτων
235 2292 265 2350 ὁ
313 2292 803 2377 προκαθηγητὴς
789 2299 891 2348 τοῦ
902 2283 1288 2365 συνεδρίου
1292 2299 1660 2372 Σισιμίθρης,
1718 2291 1765 2350 οῗ

41 2374 346 2463 ,Περσῖνος
366 2382 575 2447 ἔλεγεν,
596 2378 753 2449 ἡμεῖς
771 2400 874 2450 μεν
891 2378 1218 2450 ἥξομεν·οι
1245 2380 1372 2434 θεοὶ
1397 2379 1508 2451 γάρ
1539 2382 1764 2451 ἐπιτρέ-

46 2475 271 2517 πουσι·
300 2466 560 2532 θόρυβον
580 2465 644 2517 δέ
667 2484 791 2517 τινα
818 2465 913 2517 καὶ
936 2484 1184 2549 ταραχην
1210 2466 1523 2534 προμηνύει
1549 2464 1611 2519 τὸ
1638 2467 1762 2518 δαι-

74 2546 292 2615 μόνιον,
334 2548 607 2617 ἐσομένην
641 2549 746 2616 μὲν
771 2548 922 2615 παρὰ
955 2549 1052 2611 τὰς
1084 2524 1309 2618 θυσίας,
1351 2552 1428 2612 εἰς
1452 2547 1674 2618 ἀγαθὸν
1701 2549 1763 2602 δε

74 2626 170 2683 ’καὶ
190 2627 299 2700 ἡδὺ
326 2629 388 2683 τὸ
411 2631 566 2694 τέλος
591 2632 1107 2702 καταστρέφουσαν,
1145 2653 1219 2696 ως
1244 2632 1447 2703 μέλους
1471 2634 1575 2703 μὲν
1601 2630 1763 2702 ὑμῶν

30 2738 53 2769 υ
74 2713 176 2767 τοῦ
208 2711 520 2785 ’σώματος’
495 2737 528 2784 η
564 2703 768 2787 μέρους
805 2720 903 2785 τῆς
926 2719 1212 2784 βασιλείας
1247 2715 1620 2783 ἀπολωλότος,
1660 2717 1761 2781 τοῦ

22 2840 29 2843 Α
75 2813 186 2858 xm
225 2819 267 2852 ω
311 2801 444 2855 ένου
479 2799 542 2854 δὲ
578 2801 656 2863 εἰς
691 2800 815 2855 τότε
853 2799 913 2854 τό
953 2802 1292 2869 ζητούμενον
1329 2799 1761 2870 ἀναφαίνοντος.

53 2817 524 2953 amm,
551 2884 619 2937 τά
644 2905 702 2938 τε
730 2883 966 2954 φοβερά,
1006 2887 1134 2954 ἔφη,
1165 2887 1258 2938 καὶ
1284 2883 1466 2938 πάντα
1491 2882 1594 2951 τήν
1620 2878 1762 2950 πρὸς

1322 2972 1425 3021 18*
