1916 3132
744 152 902 202 ENA
910 150 1054 200 ΤΟΝ
1655 148 1721 199 27
1734 149 1757 199 l

156 294 387 346 τοιαῦτα
435 288 823 359 διαλεγόμενοι
877 290 1118 388 πλησίον
1166 286 1276 390 ἤδη
1333 290 1435 341 τοῦ
1483 288 1756 356 βασιλέως
1775 290 1844 343 25

49 368 217 448 ἦσαν.
281 377 584 445 συμπαρῆν
622 375 684 429 δὲ
723 370 874 442 καὶὸ
900 351 1138 443 Βαγωας
1165 371 1456 442 άγόμενος.
1518 367 1755 439 κάπειδή

48 459 445 532 παραστάντας
485 456 636 513 εἶδεν
674 455 702 512 6
741 456 1046 528 Ὑδάσπης,
1097 456 1344 527 ἀνήλατο
1384 457 1527 526 πρὸς
1573 457 1757 526 βραχὺ

51 550 155 600 τοῦ
185 544 424 615 θρόνου,
451 544 545 597 καὶ
566 544 854 613 “ι”λη’κοιτε
886 547 1064 597 θεοί”
1089 535 1470 612 φήσαςὶαῦθις
1495 539 1587 595 ἐπὶ
1615 557 1758 595 συν-

1 653 16 684 ·)
54 611 440 693 νοίαςῖἑαυτόν
463 627 684 698 ἥδραζε.
746 632 861 682 τῶν
886 628 949 682 δὲ
979 628 1043 682 ἐν
1073 628 1218 681 τέλει
1245 627 1624 696 παρεστώτων
1652 625 1683 680 6
1707 647 1759 680 τι

53 714 334 770 πεπόνθοι
368 714 843 783 πυνθανομένων,
883 713 1169 781 τοιαύτην,
1212 714 1338 813 ἔφη,
1373 712 1631 781 τετέχθαι
1664 731 1761 781 μοι

51 800 340 869 θυγατέρα
366 799 611 868 τήμερον
638 795 732 851 καὶ
758 800 835 860 εἰς
868 794 1054 866 ἀκμὴν
1080 795 1364 866 τοσαύτην
1390 794 1552 866 ἥκειν
1579 794 1760 867 ἀθρό-

1758 863 1814 886 *³
1859 868 1910 886 Ξ,

54 866 341 959 ονὶᾡμητῗ·
382 882 476 937 καὶ
510 880 572 937 τὸ
610 869 814 952 ὄναρ-’
787 903 851 936 εν
877 880 1114 952 οὐδεμιᾷ
1155 881 1419 951 φροντίδι
1444 882 1826 951 τιθέμενος,
1839 888 1898 910 ”

54 961 188 1022 νυνὶ
225 965 365 1037 πρὸς
401 967 515 1038 τὴν
526 966 744 1070 ὁμοίαν
789 971 886 1037 τῆς
937 963 1222 1036 ὁρωμένης
1242 965 1406 1051 Qv
1433 958 1756 1035 ’ὰνήνεγκα

10 1057 172 1107 οτῶν
210 1053 278 1124 δὴ
306 1051 436 1119 περὶ
474 1028 659 1106 αὐτὸν
690 1053 967 1105 εἰπόντων
994 1072 1068 1114 ως
1104 1055 1391 1121 φαντασία
1425 1071 1507 1115 τις
1534 1056 1618 1121 εἰή
1646 1061 1759 1116 Ψυ-

54 1141 154 1209 χῇς
188 1135 257 1191 τὰ
291 1138 566 1206 μέλλοντα
605 1137 876 1200 πολλάκις
923 1137 1129 1189 εἴδωλα
1167 1138 1654 1206 προτυπουμένης,
1695 1137 1761 1189 έν

56 1215 318 1292 παρέργῳ
354 1220 478 1275 τότε
516 1218 579 1274 τὸ
615 1219 801 1290 όφθὲν
837 1219 1233 1290 ποιησάμενος,
1273 1224 1421 1284 τίνες
1458 1220 1553 1274 καὶ
1578 1221 1761 1273 πόθεν

59 1302 172 1361 εἶεν
194 1305 401 1375 ἥρω’τα.
459 1304 755 1375 σιωπώσης
782 1306 842 1358 δὲ
869 1308 965 1373 τῆς
991 1308 1345 1407 Χαρικλείας,
1374 1303 1468 1358 καὶ
1493 1309 1596 1358 τοῦ
1615 1309 1761 1359 Θεα-

56 1391 259 1462 γένους
286 1389 543 1453 είπόντος
578 1410 652 1452 ως
683 1387 920 1459 ἀδελφοὶ
947 1388 1039 1443 καὶ
1059 1388 1344 1458 Έλληνες,
1383 1380 1448 1443 εὖ
1482 1409 1547 1458 γε
1571 1388 1604 1459 ἡ
1636 1389 1758 1443 Ἑλ-

0 1496 44 1529 15
59 1476 177 1546 λας,
217 1478 344 1546 ἔφη,
383 1475 451 1528 τά
489 1494 548 1528 τε
583 1472 725 1527 άλλα
765 1470 971 1536 καλούς
1014 1472 1304 1542 κᾶγαθους
1342 1474 1618 1544 φέρουσα,
1667 1476 1760 1528 καὶ

57 1559 262 1631 γνήσια
297 1557 434 1628 ἡμῖν
470 1559 564 1612 καὶ
604 1557 929 1628 ευσύμβολα
957 1560 1035 1622 εἰς
1069 1579 1166 1620 τας
1202 1560 1516 1623 ἐπινικίους
1553 1562 1764 1622 θυσίας

58 1644 126 1700 τὰ
165 1646 338 1714 ἱερεῖα
365 1646 750 1712 παρασχοῦσα.
820 1641 961 1697 ἀλλὰ
986 1647 1103 1705 πῶς
1129 1639 1253 1711 οὐχὶ
1280 1644 1373 1696 καὶ
1400 1654 1531 1707 παῖς
1559 1643 1759 1713 ἐτέχθη

59 1749 155 1801 μοι
179 1727 319 1783 κατὰ
345 1726 450 1797 τὴν
477 1726 628 1797 ὄψιν,
667 1728 909 1797 γελάσας
945 1725 1086 1795 πρὸς
1111 1728 1245 1790 τοὺς
1270 1729 1555 1796 παρόντας
1583 1725 1762 1797 εἶπεν,

61 1819 218 1883 εἴπερ
254 1815 354 1870 τὸν
380 1817 612 1867 νεανίαν
637 1796 1118 1881 τοῦτονΏὶδελφόν
1154 1812 1292 1867 ὄντα
1327 1818 1425 1883 τῆς
1462 1813 1635 1883 κόρης
1668 1811 1761 1866 καὶ

0 1915 46 1950 ,πεο
63 1896 313 1969 ὁρᾶσθαί
341 1917 435 1966 μοι
472 1898 1431 1969 μέλλοντα),προειδωλοποιηθῆναι,
1486 1897 1560 1960 ὠς
1598 1899 1757 1967 φατέ,

59 1980 153 2036 διὰ
178 1986 292 2037 τῶν
318 1980 626 2051 ὀνειράτων
648 1982 844 2051 ἐχρῆνς
870 1983 962 2035 καὶ
989 1980 1346 2053 άποστρέψας
1365 1982 1464 2037 τὸν
1492 1984 1664 2051 λόγον
1685 1985 1766 2046 εἰς

0 2072 2 2106 ἰ
57 2068 165 2138 τὴν
195 2071 555 2138 Χαρίκλειαν,
593 2065 684 2120 καὶ
721 2068 826 2137 τὴν
853 2086 1053 2136 φωνην
1081 2067 1384 2137 ἑλληνίζων
1423 2067 1758 2136 (σπουδάζε-

58 2170 149 2206 ται
185 2151 291 2221 γὰρ
329 2150 428 2222 ἥδε
464 2149 498 2221 ἡ
532 2155 761 2219 γλῶσσα
799 2152 892 2204 καὶ
930 2170 1082 2220 παρα
1123 2161 1238 2215 τοις
1264 2155 1764 2222 Γυμνοσοφισταῖς

59 2234 154 2290 καὶ
191 2239 523 2306 βασιλεῦσιν
555 2235 871 2306 Αἰθιόπων)
901 2234 973 2289 σύ
1010 2238 1090 2306 δέ,
1130 2238 1337 2306 ἔφη,ω
1325 2240 1336 2254 '
1295 2239 1540 2308 ωκόρη,
1580 2241 1640 2291 τί
1671 2252 1758 2291 σι-

26 2323 179 2392 εξγᾷς,
207 2318 377 2374 οὐδὲν
404 2320 819 2390 ἀποκρινομένη
847 2320 986 2390 πρὸς
1010 2341 1117 2389 την
1142 2336 1372 2386 πευσιν;
1400 2325 1492 2376 καὶ
1518 2321 1550 2391 ἡ
1579 2324 1759 2392 Χαρί-

45 2407 237 2474 κλεια,
272 2400 411 2475 πρὸς
434 2414 549 2468 τοῖς
574 2408 800 2474 βωμοῖς,
838 2407 966 2475 ἔφη,
1011 2410 1126 2459 τῶν
1150 2411 1307 2460 θεῶν
1333 2401 1417 2470 οἷς
1444 2408 1617 2476 ἱερεῖα
1644 2427 1760 2475 φυ-

61 2491 389 2558 λαττόμενοι
415 2492 700 2558 συνίεμεν,
740 2489 840 2559 ἐμέ
870 2510 928 2543 τε
964 2492 1057 2543 καὶ
1083 2489 1213 2554 τούς
1241 2491 1347 2594 έμε
1365 2491 1582 2561 φύντας
1606 2489 1757 2559 γνωᾎ

62 2579 248 2628 σεσθε.
291 2573 383 2627 καὶ
408 2577 520 2627 ποῦ
541 2578 643 2643 γῆς
669 2574 813 2627 εἰσὶν
840 2593 1024 2639 ουτοι;
1054 2573 1194 2645 πρὸς
1214 2571 1393 2646 αὐτὴν
1420 2573 1449 2630 6
1467 2574 1756 2642 Ὑδάσπης.

61 2652 100 2727 ἢ
129 2659 210 2726 δέ,
249 2657 343 2711 καὶ
376 2657 657 2730 πάρεισιν,
698 2661 825 2729 ἔφη,
865 2659 958 2712 καὶ
1005 2659 1230 2723 πάντως
1266 2660 1759 2730 ίερουργουμένοις

16 2792 18 2795 ,
64 2743 419 2811 παρέσονται.
437 2734 468 2821 7
489 2742 780 2812 μειδιάσας
827 2736 935 2797 οὖν
984 2738 1154 2807 αὖθις
1191 2742 1220 2798 6
1251 2744 1555 2814 Ὑδάσπης,
1606 2742 1756 2796 ὀνει-

67 2822 263 2896 ρώττει
287 2829 365 2896 τῷ
389 2825 529 2896 ὄντι,
565 2831 758 2897 φησίν,
797 2824 830 2897 ἡ
859 2825 1215 2898 ὀνειρογενὴς
1253 2828 1394 2900 αὕτη
1420 2848 1531 2897 μου
1569 2825 1757 2894 θυγά-

65 2928 187 2979 τηρ,
214 2908 325 2963 άπὸ
350 2915 448 2980 τῆς
464 2911 727 2975 Ἑλλάδος
753 2914 892 2966 κατὰ
920 2913 1096 2983 μέσην
1122 2913 1358 2983 Μερόην
1383 2910 1515 2975 τούς
1541 2910 1769 2980 φύντας·
