1916 3132
759 145 854 191 ΔΕ
862 144 1139 192 YTEPON
1728 141 1798 195 55

93 284 228 341 οὐδὲ
253 282 589 354 ἀναρρίψειν
617 284 889 335 τοσοῦτον
917 283 1194 335 κίνδυνον
1222 284 1606 349 κατασκοπῆς,
1649 282 1699 333 εί
1723 280 1796 351 μὴ

93 368 187 425 καὶ
221 368 470 438 Κνήμων
511 366 693 420 ἐθέλοι
743 375 1040 420 κοινωνεῖν
1078 370 1175 435 τῆς
1213 366 1483 434 πράξεως.
1563 363 1798 419 ἀποδει-

94 451 320 509 λιώντιῗ
321 453 389 523 δὴ
414 450 551 522 πρὸς
582 454 758 505 ταῦτα
784 450 884 504 τὸν
905 453 1192 521 Κνήμωνα
1221 451 1570 519 θεασάμενος
1594 447 1623 504 ὁ
1647 455 1795 504 Θεα-
1867 464 1887 475 ”

93 537 258 609 γένης
295 539 414 607 (καὶ
451 535 558 606 γὰρ
598 536 824 604 φράζων
862 534 928 589 τά
967 537 1238 605 λεχθέντα
1288 534 1427 603 πρὸς
1475 540 1576 589 τοῦ
1618 537 1796 603 Αἰγυ-

46 644 68 680 ο
95 625 262 678 πτίου
283 613 505 724 δῆλοςῗ
471 643 543 690 ην
563 618 1014 723 ὑπεραγωνιῶν),
1045 620 1116 674 σύ
1140 622 1215 689 δέ,
1246 625 1372 691 ἔφη,
1396 619 1501 690 τὴν
1521 642 1626 690 μεν
1645 620 1794 689 γνώ-

91 728 203 779 μην
225 708 541 778 ἐρρωμένος
560 727 643 770 τις
668 707 779 774 ἄρα
806 698 977 775 ἦσθα,
1007 705 1069 760 τὸ
1097 710 1242 775 λῆμα
1271 707 1332 758 δὲ
1359 704 1793 773 ἀσθενέστερος·

90 795 342 863 γνωρίζω
383 807 444 846 σε
483 790 675 855 ἄλλοις
711 811 771 844 τε
809 794 918 845 καῖ
943 789 1046 861 οὐχ
1082 790 1288 860 ἥκιστα
1315 802 1430 854 τοῖς
1457 795 1584 844 νῦν
1654 787 1794 844 ἀλλά

89 881 234 948 θῆγε
261 876 322 931 τὸ
352 877 634 947 φρόνημα,
676 877 769 929 καὶ
797 874 938 946 πρὸς
963 875 1026 929 τὸ
1053 875 1452 945 ἀνδρειότερον
1480 875 1664 943 ὄρθου
1692 878 1796 946 τὴν

89 965 338 1033 γνώμην.
428 959 490 1015 τὸ
537 963 641 1031 μὲν
689 960 796 1031 γὰρ
845 962 1030 1029 παρὸν
1077 960 1387 1030 ἀναγκαῖον
1437 963 1597 1015 δοκεῖ
1648 961 1795 1015 οὕτω

22 1053 64 1103 io
94 1051 468 1103 συντίθεσθαι
515 1052 616 1100 τοῦ
663 1046 738 1116 μή
783 1067 909 1100 τινα
947 1050 1047 1100 τοῦ
1085 1049 1345 1116 δρασμοῦ
1364 1047 1580 1115 λαβεῖν
1619 1045 1795 1100 αὐτὸν

92 1130 388 1198 ὑπόνοιαν,
427 1130 520 1184 καὶ
547 1132 1010 1200 συμπορεύεσθαι
1037 1131 1140 1201 τήν
1167 1134 1399 1201 πρώτην
1427 1133 1574 1210 (δέος
1601 1132 1661 1184 δὲ
1690 1131 1793 1199 δή-

91 1224 313 1272 πουθεν
351 1214 541 1270 οὐδέν
559 1214 786 1286 ἀνόπλῳ
824 1218 930 1285 τὴν
966 1227 1124 1285 χεῖρα
1152 1205 1660 1286 ξυνιέναικξιφήρη
1702 1217 1795 1269 καὶ

91 1303 493 1371 πεφραγμένον
524 1299 741 1370 αὐτόνῇ,
780 1304 986 1369 καιροῦ
1018 1303 1079 1355 δε
1110 1301 1426 1371 λαβόμενον
1466 1303 1795 1369 ε’γκαταλεῖ-

91 1398 192 1451 ψαι
232 1385 599 1453 διαλαθόντα,
640 1388 734 1438 καὶ
771 1384 930 1455 ἥκειν
969 1384 1107 1455 παρ’
1146 1385 1290 1455 ἡμᾶς
1330 1378 1504 1486 οὗπερ
1545 1382 1616 1439 ἂν
1655 1400 1796 1438 συν-
1830 1382 1833 1383 ’

21 1491 62 1533 15
91 1472 347 1542 θώμεθα.
391 1470 741 1538 συνθώμεθα
769 1472 847 1537 δέ,
879 1473 930 1525 εἰ
954 1474 1126 1539 δοκεῖ,
1157 1474 1353 1541 κώμην
1375 1470 1500 1525 τινα
1528 1473 1793 1540 πλησίον,

94 1563 150 1612 εἴ
180 1576 255 1627 πη
295 1555 590 1638 γινώσκεις
624 1554 851 1624 ἥμερον.
913 1547 975 1609 εὖ
1004 1558 1189 1625 λέγειν
1216 1559 1371 1620 έδοξε
1397 1577 1473 1610 τω
1501 1555 1795 1625 Κνήμωνι,

92 1643 186 1695 καὶ
191 1623 441 1711 4Xe'py13p
454 1639 581 1693 τινα
610 1641 803 1710 κώμην
830 1639 978 1694 οὕτω
1010 1642 1365 1712 καλουμένην
1403 1644 1661 1710 ἔφραζεν,
1701 1638 1791 1694 εὐ-

93 1726 334 1796 δαίμονά
388 1745 446 1778 τε
495 1726 585 1778 καὶ
636 1726 1097 1795 πολυάνθρωπον
1145 1725 1237 1779 καὶ
1285 1736 1406 1790 ταῖς
1456 1724 1650 1794 ὄχθαις
1694 1730 1796 1779 τοῦ

92 1815 310 1866 Νείλου
359 1812 501 1879 πρὸς
550 1810 928 1881 ἐπιτειχισμὸν
976 1817 1090 1865 τῶν
1137 1814 1438 1881 βουκόλων
1478 1809 1570 1865 ἐπὶ
1609 1813 1795 1880 λόφου

20 1915 63 1948 20
94 1898 550 1968 παρῳκισμένην·
611 1894 835 1965 ἀπέχειν
894 1897 954 1950 δὲ
1011 1903 1380 1964 περαιωθεῖσι
1431 1895 1534 1965 τὴν
1588 1899 1794 1966 λίμνην

92 1979 292 2035 στάδια
329 1979 398 2034 οὐ
437 1984 626 2051 πολλῷ
653 1982 954 2050 λειπόμενα
982 1985 1095 2035 τών
1125 1981 1340 2035 ἑκατόν.
1407 1983 1529 2035 δεῖν
1556 1982 1616 2034 δὲ
1645 1978 1794 2034 εὐθύ

92 2064 230 2134 πρὸς
267 2068 621 2136 μεσημβρίαν
659 2064 910 2135 ὁρῶντας
949 2065 1107 2120 ἰέναι.
1197 2070 1450 2136 χαλεπῶς
1487 2067 1609 2135 μέν,
1650 2064 1787 2120 ἀπε-
1815 2059 1881 2112 19

93 2153 324 2219 κρίνατο
353 2149 381 2203 ὁ
411 2151 715 2220 Θεαγένης,
756 2154 1092 2219 Χαρικλείας
1127 2172 1188 2220 γε
1227 2152 1430 2221 ταύτης
1455 2153 1652 2219 ἕνεκα,
1693 2155 1795 2205 τοῦ

92 2239 340 2304 βαδίζειν
376 2235 728 2305 μακρότερον
767 2233 958 2304 ἀήθως
1010 2236 1272 2306 ἐχούσης,
1336 2237 1688 2305 ἐλευσόμεθα
1737 2234 1792 2288 δ’

21 2337 65 2371 25
95 2314 200 2375 οὖν
238 2319 411 2389 ὅμως,
454 2322 529 2382 είς
566 2318 821 2388 πτωχούς
858 2320 952 2372 καὶ
991 2321 1120 2384 τοὺς
1158 2320 1251 2373 διά
1291 2321 1511 2392 τροφὴν
1550 2321 1796 2390 ἀγύρτας

21 2423 25 2430 ·
93 2404 327 2468 ἑαυτοὺς
351 2406 821 2474 μεταπλάσαντες.
887 2405 955 2475 νη
983 2410 1116 2475 Δία,
1146 2403 1304 2459 εἶπεν
1330 2404 1358 2459 ὁ
1386 2406 1661 2476 Κνήμων·
1700 2406 1793 2459 καὶ

92 2491 204 2560 γὰρ
230 2494 344 2544 τών
371 2487 561 2552 ὄψεων
588 2490 811 2560 σφόδρα
839 2491 1287 2560 διεστραμμένως
1314 2493 1481 2560 ἔχετε,
1518 2488 1551 2559 ἡ
1587 2492 1647 2544 δὲ
1677 2495 1791 2544 Χα-

31 2609 33 2611 ·
95 2578 311 2644 ρίκλεια
345 2572 437 2627 καὶ
473 2574 664 2642 πλέον,
704 2573 799 2627 ἅτε
824 2575 917 2628 καὶ
943 2573 1042 2628 τὸν
1071 2574 1375 2645 ὀφθαλμὸν
1402 2574 1605 2643 ἀρτίως
1632 2576 1795 2629 ἐκκε-

9 2694 10 2698 =
94 2658 358 2728 κομμένη.
425 2659 517 2731 καὶ
558 2659 680 2729 ἐμοὶ
719 2661 934 2714 δοκεῖτε
972 2662 1178 2714 τοιοίδε
1217 2660 1375 2724 ὄντες
1413 2658 1516 2714 οὐκ
1549 2660 1816 2722 ἀκόλους

13 2757 66 2813 :³⁰
95 2741 225 2795 ἀλλ’
255 2732 524 2811 ἅοράἕτε
562 2743 652 2797 καὶ
687 2745 920 2815 λέβητας
948 2746 1214 2815 αἰτήσειν.
1279 2746 1419 2814 πρὸς
1445 2748 1619 2798 ταῦτα
1647 2745 1791 2812 ἐμει-

16 2833 19 2870 ἶ
96 2828 300 2880 δίασαν
326 2824 518 2896 ὀλίγον
545 2832 638 2883 καὶ
663 2830 1037 2898 βεβιασμένον
1065 2828 1156 2883 καὶ
1182 2831 1376 2900 μόνοις
1402 2840 1517 2891 τοῖς
1549 2831 1793 2896 χείλεσιν

13 2927 22 2992 ;³
98 2912 414 2982 ἐπιτρέχον·
456 2911 644 2980 ὅρκοις
669 2915 730 2968 δὲ
758 2915 1169 2984 πιστωσάμενοι
1196 2914 1262 2967 τὰ
1289 2915 1549 2979 δόξαντα,
1587 2910 1679 2964 καὶ
1714 2911 1789 2978 μή
