1916 3132
184 84 210 134 1
219 83 288 135 62
906 88 1148 136 ΕΚΤΟΝ

185 236 279 275 σαι
317 218 440 276 κατ’
471 223 624 291 ἐμοῦ.
689 226 746 277 οἳ
767 225 829 278 δὲ
864 221 940 286 ὥς
973 222 1190 277 τούτων
1215 205 1487 294 ἤκουσάν,
1525 225 1750 295 ἀχανεῖς
1784 225 1878 280 ἐπὶ

186 310 451 360 πλεῖστον
478 309 809 377 εἱστήκεσαν
846 307 987 379 πρὸς
1023 311 1127 361 τοῦ
1149 306 1507 362 ἀνελπίστου
1543 313 1638 378 τῆς
1661 307 1878 364 ἀποτυ-

185 394 305 459 χίας
342 410 457 444 των
507 394 1035 462 προσδοκηθέντων.
1113 391 1236 445 ἀλλ’
1278 390 1384 458 ὀψέ
1432 411 1566 447 ποτε
1602 392 1810 457 αὐτούς
1846 392 1878 446 ὁ

186 479 516 555 Ναυσικλῆς
541 475 950 546 ἀνελάμβανεν,
990 496 1064 539 ως
1086 475 1170 530 οὐ
1208 478 1325 531 δέοι
1363 476 1458 530 διά
1493 477 1597 547 τὴν
1634 476 1724 532 ἐπ’
1753 477 1879 532 ὀλί-

184 579 289 626 γον
332 550 429 613 καὶ
475 562 826 631 πρόσκαιρον
874 559 1186 630 ἀποτυχίαν
1241 562 1433 615 τέλεον
1489 560 1916 631 ἀπεγνωκέναιε

185 663 299 697 των
327 646 390 698 ἐν
416 642 1061 715 χερσὶν>ὑποτιθέμενος·
1106 643 1247 699 ἀλλά
1280 650 1390 700 νῦν
1424 647 1527 715 μὲν
1559 649 1762 716 χρῆναι
1800 649 1879 708 εἰς

185 725 291 797 τήν
327 730 543 798 Χέμμιν
572 729 883 798 ἐπανιέναι,
924 734 1039 781 τῶν
1078 730 1138 784 δὲ
1176 731 1470 797 πρακτέων
1498 730 1560 784 ἐν
1588 730 1878 794 ἐπισκέψει

185 814 553 882 γενομένους,
595 817 686 866 καὶ
727 812 798 875 ὥς
835 812 974 883 πρὸς
1002 814 1274 884 ἐκδημίαν
1300 817 1534 868 πλείονα
1560 830 1878 868 συνεσκευ-

186 898 491 965 ασμένους,
543 897 683 965 πρὸς
731 896 834 967 τὴν
871 902 975 952 τοῦ
1026 898 1341 967 Θεαγένους
1390 898 1726 967 ἐπιζήτησιν,
1767 902 1877 951 εἴτε

186 979 338 1049 παρά
375 991 490 1045 τοῖς
514 982 814 1051 βουκόλοις
854 988 962 1036 εἴτε
991 983 1083 1035 καὶ
1118 981 1249 1050 παρ’
1279 981 1468 1045 ἄλλοις
1502 983 1615 1036 τισὶ
1648 981 1876 1035 πυνθά-
1907 1002 1916 1035 1

184 1083 405 1131 νοιντο,
461 1069 798 1134 τρέπεσθαι,
857 1066 1082 1135 ἀγαθὴν
1136 1072 1232 1134 τῆς
1288 1064 1632 1136 ἀνευρέσεως
1676 1066 1877 1121 ἐλπίδα

185 1153 473 1217 πανταχοῦ
500 1152 1021 1220 προβαλλομένους,
1063 1148 1138 1212 ὠς
1176 1150 1267 1203 καὶ
1306 1154 1414 1204 νῦν
1441 1149 1546 1205 οὐκ
1585 1149 1742 1204 ἀθεεὶ
1777 1168 1878 1218 γε-

185 1232 389 1286 νέσθαι
436 1235 626 1287 δοκεῖν
669 1234 737 1307 ,τό
785 1235 854 1303 δή
886 1242 1002 1306 ’ᾗτινι
1050 1239 1166 1287 τῶν
1202 1239 1503 1304 γνωρίμων
1542 1223 1916 1303 ἐντυχόντας]

185 1315 676 1388 χειραγωγηθῆυαι
714 1315 855 1385 πρὸς
898 1307 1012 1372 τῶν
1051 1318 1465 1388 ἀγγελθέντων,
1517 1317 1643 1372 ὅποι
1688 1318 1876 1387 δεήσει

186 1399 286 1454 τὸν
319 1403 601 1471 Θεαγένην
636 1404 955 1471 μαστεύειν,
995 1404 1100 1472 τὴν
1139 1400 1318 1472 ὁρμὴν
1356 1408 1451 1472 τῆς
1488 1405 1715 1472 πορείας
1753 1395 1877 1455 οἷον
1908 1420 1916 1454 1

188 1484 276 1537 ἐπὶ
311 1483 665 1554 σκοπὸν»την
698 1486 1044 1556 βουκολικήν
1079 1489 1273 1557 κώμην
1306 1491 1608 1549 τείνοντας.

124 1584 159 1636 5
290 1573 463 1621 ταῦτα
512 1571 691 1638 λέγων
739 1571 808 1623 οὐ
854 1575 1108 1639 χαλεπῶς
1145 1574 1392 1639 ἔπειθεν,
1431 1571 1544 1640 ἅμα
1581 1592 1662 1639 τι,
1701 1568 1873 1639 οἶμαι,

186 1654 280 1705 και
312 1652 500 1721 ἑτέρας
540 1654 765 1716 ἐλπίδος
796 1664 911 1717 τοῖς
936 1654 1263 1723 ἀγγελθεϊσι
1289 1657 1872 1724 συναναφαινομένης,

186 1735 280 1789 καὶ
304 1740 406 1797 τοῦ
432 1737 743 1817 Κνήμωνος
768 1739 907 1807 πρὸς
940 1738 1039 1792 τὸν
1066 1739 1382 1807 Καλάσιριν
1410 1741 1525 1792 ἰδία
1549 1739 1701 1793 πάνυ
1725 1744 1875 1807 θαρα

186 1817 407 1922 σεινχως
433 1818 461 1872 ὁ
488 1821 703 1890 Θύαμις
736 1822 1065 1892 περισώσειε
1098 1824 1199 1876 τὸν
1228 1795 1916 1926 Θεαγένηῷδιισχυρ-ζο-π

186 1905 375 1972 Qu
439 1905 625 1958 ἐδόκει
662 1900 769 1958 οῦν
797 1906 1114 1975 ἐπανιέναι,
1154 1908 1247 1959 και
1287 1905 1622 1977 ἐπανήεσαν.
1683 1908 1791 1976 τήν
1815 1925 1874 1960 τε

185 1991 529 2056 Χαρίκλειαν
556 1991 645 2042 ἐπὶ
671 1999 786 2052 τοις
810 1991 1126 2060 προθύροις
1161 1990 1688 2059 καταλαμβάνουσι,
1726 1990 1874 2059 πόρ-

189 2077 379 2142 ρωθεν
404 2069 610 2134 αὐτοὺς
635 2074 728 2126 καὶ
757 2075 819 2127 ἐκ
845 2093 1073 2127 παντων
1095 2074 1379 2141 κλιμάτων
1397 2077 1872 2142 περισκοποῦσαν.

187 2156 282 2208 καὶ
309 2153 385 2218 ὣς
410 2155 663 2225 οὐδαμοῦ
691 2156 789 2209 τὸν
811 2159 1097 2227 Θεαγένην
1115 2157 1259 2226 ἑώρα
1286 2157 1397 2211 σὺν
1416 2156 1631 2224 αὐτοῖς,
1660 2146 1886 2226 λίγειότί

185 2259 240 2292 τι
277 2238 719 2308 ἀνακωκύσασα,
771 2237 895 2293 ἀλλ’
924 2237 962 2310 ἢ
998 2242 1162 2310 μόνοι
1197 2261 1320 2309 μοι,
1361 2242 1562 2311 πάτερ,
1603 2245 1740 2310 ἔφη,
1779 2241 1916 2294 καὶὴῚ

186 2316 302 2376 οἶοί
321 2340 425 2390 περ
454 2323 722 2377 ἐντεῦθεν
750 2323 1135 2394 ἐξωρμήκατε,
1163 2327 1336 2377 πάλιν
1365 2325 1620 2389 ἐπάνιτε;
1663 2325 1870 2392 Θεαγέ-

186 2427 287 2476 νης
324 2407 385 2461 δὲ
424 2406 559 2476 ἄρα,
603 2405 676 2469 ὥς
713 2410 884 2477 ἔοικε,
924 2411 1224 2478 τέθνηκεν;
1269 2413 1324 2462 εί
1353 2429 1406 2461 τι
1431 2408 1664 2478 φράζειν
1701 2411 1871 2477 ἔχετε,
1910 2427 1916 2431 ⁴

185 2494 399 2544 θᾶττον
438 2490 687 2554 ἐξείπατε
725 2493 865 2562 πρὸς
901 2497 1074 2561 θεῶν,
1113 2492 1252 2562 μηδὲ
1292 2492 1607 2561 ἐπιτείνητέ
1637 2511 1731 2561 μοι
1766 2489 1871 2559 τὴν

186 2572 491 2643 συμφοράν
516 2579 773 2644 παρολκῇ
796 2579 893 2643 τῆς
917 2575 1271 2644 ἀπαγγελίας.
1329 2578 1439 2644 ἔχει
1464 2595 1517 2629 τι
1540 2575 1876 2646 φιλάνθρω-

186 2677 298 2711 πον
337 2656 486 2722 ὀξεῖα
526 2660 967 2729 δυστυχημάτων
994 2660 1262 2728 δήλωσις,
1303 2658 1407 2728 τήν
1434 2656 1599 2727 ὁμόσε
1624 2659 1870 2728 χώρησιν
1898 2674 1916 2708 a

187 2741 330 2811 πρὸς
366 2740 430 2795 τὸ
472 2742 664 2795 δεινὸν
702 2747 768 2812 τῇ
795 2746 948 2813 ψυχῇ
974 2743 1065 2796 καὶ
1092 2751 1316 2810 ταχεῖαν
1341 2732 1868 2812 ἀπάλγησινὶπαρα-

188 2826 555 2892 σκευάζουσα.
619 2823 1069 2895 ὑποτεμνόμενος
1105 2824 1171 2893 δή
1212 2827 1618 2896 δυσφοροῦσαν
1654 2825 1801 2895 ἄγαν
1837 2823 1869 2880 ὁ
