1916 3132
755 139 1116 186 PRAEFATIO.
1651 141 1779 186 XXV

1631 221 1656 248 0

78 273 253 322 verba:
292 271 509 332 equidem
552 269 675 329 fides
711 269 869 329 iynote
909 269 982 316 rei
1019 267 1252 316 miranda
1297 267 1540 317 certitudo,
1611 267 1779 317 Habet

80 347 206 396 folia
247 348 365 396 180.
418 345 477 392 In
517 344 651 392 03100
690 342 808 391 libri
845 342 918 391 IV
955 342 1167 406 legitur:
1208 356 1289 403 eqo
1319 341 1567 390 Samstius
1607 344 1698 403 leyi
1737 345 1781 391 et

88 422 340 471 emendavi
375 419 562 468 Romae
598 418 717 478 felix
753 418 956 466 Metam.
999 418 1190 478 explicit
1224 416 1311 466 lib.
1342 416 1415 464 IV
1453 418 1624 478 incipit
1660 418 1692 466 1.
1718 417 1779 481 V,

83 496 259 545 eadem
297 496 539 559 leguntur
576 492 629 540 in
661 492 797 541 03100
837 491 957 540 libb.
991 492 1051 556 V,
1083 491 1171 555 VI,
1203 491 1316 554 VII,
1347 491 1486 541 VIII.
1544 492 1603 539 In
1643 492 1779 540 03100

80 570 163 620 lib.
198 570 269 618 IX
306 569 447 617 olibio
481 571 524 615 et
550 568 818 628 probinove
856 581 918 614 ce.
957 568 1013 614 in
1042 567 1148 626 foro
1188 568 1363 614 martis
1402 568 1781 615 controversiwm

81 645 360 694 declamans
398 643 581 691 oratori
612 642 887 712 endeicccio.
936 641 1160 689 Rursum
1195 639 1660 702 Constantinopolim
1692 640 1779 690 Ce-

80 721 213 768 sario
254 722 297 767 et
331 715 490 766 Attico
536 731 599 767 ce.
637 717 756 765 Met.
798 717 826 764 l.
859 714 1014 763 VIIII
1054 716 1174 776 expl.
1221 716 1314 763 inc.
1356 715 1465 764 XM.
1535 716 1595 765 In
1643 717 1779 765 calce

79 793 199 842 libri
235 793 281 841 X
318 793 426 854 Eyo
464 791 711 840 Salustius
750 793 843 840 0013.
884 791 1005 851 expl.
1046 791 1074 840 l.
1111 790 1156 837 X
1201 791 1295 838 inc.
1334 790 1420 838 XI.
1467 793 1584 853 post
1630 790 1780 839 finem

80 868 112 918 1.
146 868 218 916 XI
258 868 472 928 apulcyii
499 867 739 927 platonici
777 866 1064 925 floridorum
1103 865 1131 914 Z.
1164 865 1190 913 I
1227 866 1409 926 incipit.

196 941 312 991 Cod.
345 941 459 990 Vat.
496 939 732 990 Ottobon.
769 941 907 990 2091
950 940 1363 988 membranaceus
1394 939 1447 987 in
1480 943 1686 1003 quart03
1727 941 1780 989 in

83 1016 206 1066 folio
256 1017 474 1065 secundo
513 1010 574 1063 u⁰
620 1007 961 1082 (chartaceo):
1012 1029 1123 1063 sum
1170 1013 1379 1063 Girardi
1427 1014 1599 1063 Vossii.
1648 1030 1778 1063 anno

80 1090 418 1139 MDOXXXX.
468 1090 528 1138 In
566 1090 727 1151 primo
767 1090 889 1138 folio
928 1082 976 1136 r⁰
1017 1082 1444 1155 (membranaceo)
1489 1089 1542 1137 V.
1571 1088 1780 1138 Giselini

84 1180 140 1214 ccc
170 1166 294 1214 dono
318 1166 383 1213 D.
408 1165 688 1213 Eri=bontii.
739 1163 976 1212 Continet
1007 1163 1130 1212 folia
1163 1165 1248 1212 87.
1301 1163 1497 1212 duabus
1530 1164 1778 1213 columnis

83 1240 300 1303 scriptus
326 1242 416 1288 est.
457 1238 713 1288 Continet:
741 1238 964 1286 Florida.
990 1238 1312 1299 Metamorph.
1353 1255 1514 1301 usque
1546 1239 1611 1287 ad
1642 1240 1674 1287 l.
1692 1239 1778 1289 XI.

82 1329 122 1363 0.
158 1316 226 1363 28
274 1313 456 1363 1111311113
502 1313 658 1362 uerba
705 1318 846 1361 sunt:
893 1314 1205 1361 antistabant.
1253 1313 1364 1361 Plu.
1437 1311 1565 1361 Cum
1605 1314 1780 1362 eodem

83 1388 342 1438 uolumine
367 1388 606 1452 colligata
633 1390 707 1436 est
740 1387 989 1435 enarratio
1021 1387 1248 1435 uitarum
1278 1387 1574 1450 pontificum
1598 1388 1778 1436 Roma-

82 1478 261 1512 norum
300 1478 461 1526 usque
502 1463 566 1510 ad
604 1462 878 1510 Iohannem
916 1461 1060 1510 XXII
1100 1463 1152 1510 et
1193 1462 1557 1525 imperatorum
1595 1463 1779 1511 Roma-

81 1553 262 1586 norum
301 1537 362 1586 ab
394 1536 630 1600 Augusto
662 1552 824 1600 usque
856 1536 920 1584 ad
951 1535 1226 1585 Henricum
1248 1535 1335 1584 VI.
1376 1536 1570 1585 Deinde
1611 1538 1777 1600 sequi-

82 1613 169 1660 tur
215 1612 367 1659 series
413 1611 695 1674 principum
743 1611 1083 1659 Romanorum
1129 1613 1181 1659 et
1225 1626 1404 1673 regum
1450 1610 1777 1660 Albanorum.

82 1685 142 1734 In
182 1686 315 1734 calce
354 1685 598 1734 librorum
628 1701 807 1734 nomen
842 1685 1053 1734 Salustii
1090 1701 1190 1734 non
1228 1688 1551 1734 memoratur.
1601 1687 1779 1734 Altera

83 1775 263 1808 manus
318 1759 549 1823 ascripsit
597 1759 894 1808 nitidissime
948 1759 1115 1807 uarias
1165 1759 1406 1809 lectiones
1459 1762 1510 1808 et
1556 1761 1776 1809 notulas.

84 1833 254 1883 Rubro
287 1834 452 1883 colore
493 1834 712 1896 ascripta
743 1837 862 1882 sunt
893 1836 1206 1898 argumenta.
1261 1835 1355 1882 Hic
1394 1835 1500 1883 11110
1531 1836 1779 1898 pamulae

83 1908 327 1972 imagines
374 1908 682 1972 animalium,
722 1909 961 1957 foliorum
1001 1910 1053 1956 et
1090 1909 1351 1958 hominum
1391 1925 1595 1972 sparsae
1646 1914 1777 1958 sunt.

83 1982 230 2031 Hunc
261 1983 482 2031 codicem
514 1984 728 2031 eundem
760 1998 866 2032 esse
899 1986 1052 2046 atque
1077 1983 1388 2047 Lipsianum,
1421 1984 1618 2032 ostendi
1641 1984 1778 2032 Mne-

83 2071 304 2119 mosyne.
347 2059 505 2107 1895.
543 2074 592 2120 p.
621 2059 740 2106 180.

196 2131 271 2179 De
310 2131 519 2195 reliquis
559 2131 815 2180 codicibus
853 2132 1047 2180 Italicis
1080 2132 1268 2196 Apulei
1310 2133 1781 2196 Metamorphoseon

5 2227 6 2231 ¹
87 2204 168 2270 egi
203 2205 542 2270 Mnemosyne.
586 2207 742 2256 1895.
781 2223 825 2268 p.
855 2208 961 2256 354
989 2222 1094 2270 sqq.

198 2278 325 2329 Cum
362 2280 463 2328 iam
509 2282 678 2328 textus
717 2281 869 2328 huius
907 2281 1209 2330 recensionis
1257 2281 1361 2329 fere
1400 2283 1541 2330 totus
1579 2282 1779 2344 prelum

13 2394 15 2398 .
85 2353 387 2418 reliquisset,
426 2355 479 2402 in
509 2370 688 2402 manus
720 2355 845 2402 mihi
875 2358 1126 2404 uenerunt
1160 2355 1531 2404 obseruationes
1558 2355 1779 2412 Criticae,

89 2442 216 2490 quas
256 2429 457 2492 scripsit
493 2429 827 2482 Bluemnerus
866 2430 1110 2494 Philolog.
1157 2431 1311 2479 1896.
1351 2447 1398 2493 p.
1426 2431 1547 2479 341.

198 2501 344 2550 Illius
382 2503 482 2551 uiri
509 2503 644 2552 docti
675 2502 828 2551 dubia
859 2504 920 2552 de
953 2503 1242 2553 sinceritate
1278 2504 1515 2553 uocabuli
1539 2502 1781 2565 Acyyptia

92 2577 139 2624 1.
173 2577 203 2624 3
244 2576 473 2639 legitima
517 2593 617 2626 non
657 2593 763 2626 esse
811 2578 1063 2628 uidentur.
1132 2578 1371 2627 Vitellius
1411 2579 1543 2627 enim
1586 2580 1644 2626 de
1691 2578 1779 2625 1110

25 2653 28 2658 ’
88 2649 336 2698 uocabulo
393 2650 554 2700 denuo
610 2652 889 2716 consultuS,
938 2653 1114 2701 scribit
1165 2653 1290 2700 mihi
1335 2651 1598 2715 Acqyptia,
1647 2651 1781 2714 quod

88 2723 217 2788 legit
255 2723 414 2781 etiam
447 2743 506 2789 φ,
546 2725 598 2773 111
636 2726 676 2773 F
717 2741 746 2773 a
783 2726 946 2789 prima
984 2742 1139 2774 manu
1184 2727 1411 2790 profecta
1451 2742 1557 2774 esse
1603 2725 1779 2773 uideri.

87 2796 244 2846 Porro
292 2797 436 2860 apud·
472 2799 747 2862 Apuleium
795 2801 962 2848 omnia
1007 2801 1329 2850 substantiua
1381 2816 1474 2849 sua
1528 2799 1782 2847 adiectiua

88 2871 272 2920 habere
305 2871 488 2935 solent3
529 2873 742 2937 denique
774 2872 1016 2936 Aeyyptia
1048 2877 1245 2936 argutia
1276 2874 1547 2938 signifieat:
1581 2874 1780 2929 litterae,

3 2949 25 2982 f
92 2945 335 3008 elementa,
361 2961 488 3009 quae
512 2946 563 2994 in
582 2946 816 3011 Aegypto
841 2948 1052 2997 inuenta
1074 2964 1182 2998 esse
1198 2949 1530 2998 crederentur.
1566 2948 1627 2995 cf.
1651 2962 1780 3011 quae
