1916 3132
138 63 211 115 40
804 69 897 115 AE
905 69 1182 116 YTEPON

143 203 390 271 Κνήμων
417 201 635 271 ἀθρόον
661 207 758 272 τῆς
782 204 968 272 χειρὸς
993 203 1404 273 ἀπεκρούσατο,
1434 206 1527 259 καὶ
1552 211 1607 259 τί
1629 210 1830 272 ταῦτα;

142 290 360 355 ἔλεγεν,
402 287 445 340 ὦ
483 287 786 355 Θεάγενες,
823 292 880 341 τί
909 290 1015 357 τὴν
1050 291 1231 342 οὐσαν
1268 295 1527 358 θρηνεις;
1567 293 1684 344 ε”στι
1717 295 1863 344 Χα-’

145 374 361 439 ρίκλεια
400 372 491 424 καὶ
533 372 789 435 σώζεται·
829 373 1050 438 θάρσει.
1127 377 1229 426 τοῦ
1267 375 1359 440 δέ,
1399 370 1539 443 πρὸς
1575 373 1834 442 ἄφρονας

141 459 317 508 ταῦτα
344 457 437 508 καὶ
464 457 666 518 παῖδας
691 447 734 508 c5
761 457 1027 526 Κνήμων,
1058 458 1339 525 εἰπόντος,
1381 456 1743 521 ἀπολώλεκάς
1767 476 1836 526 με

141 537 241 592 τὸν
265 538 500 607 ἥδιστον
527 539 876 611 ἀφελόμενος
900 541 1176 610 θάνατον,
1208 541 1503 610 ἐπώμνυεν
1532 539 1561 595 ὁ
1587 544 1836 611 Κνήμων
1864 561 1886 593 5

142 624 235 676 καὶ
273 623 495 677 ἅπαντα
534 628 715 694 ἔλεγε,
770 624 832 679 τὸ
881 625 1212 694 πρόσταγμα
1264 629 1366 678 τοῦ
1406 627 1721 696 Θυάμιδος,
1770 629 1833 681 τὸ

143 709 448 778 σπήλαιον,
490 706 561 771 ὠς
600 713 853 778 καθῆκεν
889 708 1085 778 αὐτός,
1125 708 1196 772 ὠς
1231 713 1340 779 ἔχει
1378 711 1600 779 φύσεως
1635 709 1697 764 τὸ
1733 710 1835 764 ἅν-

141 813 298 861 τρον,
339 791 411 855 ὡς
449 792 620 847 οὐδὲν
660 795 784 856 δέος
821 796 898 857 είς
935 796 997 847 τὸ
1024 792 1204 863 βάθος
1241 796 1583 848 διικνεῖσθαι
1610 794 1670 848 τὸ
1697 799 1833 864 πῦρ,

141 874 251 931 ὑπὸ
300 882 415 930 τῶν
463 876 712 946 ἀπείρων
761 878 1003 946 ἑλιγμῶν
1051 878 1528 946 ἀνακοπτόμενον.
1605 879 1835 932 ἀνέπνει

142 961 280 1031 πρὸς
317 966 493 1014 ταῦτα
535 958 563 1014 6
602 964 911 1031 Θεαγένης,
953 963 1043 1015 καὶ
1072 962 1213 1032 πρὸς
1239 962 1341 1031 τὴν
1368 969 1547 1031 νῆσον
1573 964 1832 1032 ἔσπευδε,
1865 980 1907 1014 ιο

143 1046 235 1098 καὶ
261 1044 367 1114 τήν
395 1044 461 1098 ού
488 1050 786 1114 παροῦσαν
822 1051 898 1116 τῷ
926 1048 1006 1116 νῷ
1047 1050 1406 1115 περιέβλεπε,
1445 1049 1538 1100 καὶ
1574 1048 1836 1116 θάλαμον

142 1132 322 1201 ἑαυτῷ
361 1129 422 1183 τὸ
464 1130 740 1199 σπήλαιον
778 1129 1111 1197 ἀνέπλαττε,
1162 1129 1295 1193 τοὺς
1344 1131 1647 1199 ἐσομένους
1683 1129 1837 1201 αὐτῷ

142 1214 262 1268 κατ’
305 1212 444 1268 αὐτὸ
481 1215 737 1283 θρήνους
775 1213 1013 1283 ἀγνοῶν.
1091 1214 1366 1284 ἀνήγοντο
1407 1207 1512 1269 οὖν
1553 1216 1836 1270 ἐσπουδα-

142 1299 384 1368 σμένως,
436 1296 725 1366 αὐτερέται
772 1297 871 1352 τὸν
924 1303 1107 1352 πλοῦν
1155 1299 1452 1362 ἀνύοντες·
1531 1298 1560 1353 ὁ
1604 1300 1716 1369 γὰρ
1765 1298 1832 1368 δή

143 1384 487 1454 πορθμεύων
515 1381 706 1445 αὐτοῖς
740 1382 880 1436 κατὰ
913 1381 1016 1452 τὴν
1054 1385 1283 1454 πρώτην
1321 1383 1614 1454 συμβολὴν
1651 1383 1833 1437 καθά-
1865 1402 1907 1435 15

143 1489 248 1537 περ
289 1466 400 1521 ἀπὸ
426 1465 848 1537 ὕσπληγοςντῆς
880 1473 1018 1537 βοῆς
1056 1466 1531 1538 ἀπεσφενδόνητο.
1571 1471 1703 1539 τῇδε
1730 1461 1835 1520 οὖν

143 1551 367 1606 κάκεῖσε
415 1552 803 1619 παρεφέροντο
842 1557 942 1605 τοῦ
984 1551 1207 1617 εὐθέος,
1259 1546 1348 1605 οἷα
1397 1553 1464 1621 δὴ
1514 1551 1739 1622 ἀπειρίᾳ
1776 1571 1835 1604 τε
1911 1543 1916 1547 ’

142 1635 243 1707 τήν
272 1638 521 1706 εἰρεσίαν
549 1634 650 1703 οὐχ
678 1633 1080 1704 ὀμοζυγοῦντες
1097 1677 1112 1704 ,
1141 1643 1240 1689 καί
1260 1657 1311 1689 τι
1337 1636 1431 1689 καὶ
1458 1630 1669 1704 ἀνέμου
1696 1634 1838 1704 πρὸς
1903 1653 1906 1655 ’

146 1723 406 1775 ἐναντίον
429 1721 815 1788 ἐμπίπτοντος.
846 1718 968 1771 ἀλλ’
987 1719 1143 1790 ένίκα
1165 1719 1267 1788 την
1288 1718 1548 1788 ἀτεχνίαν
1569 1723 1665 1788 τῆς
1685 1721 1835 1788 γνώ-

142 1827 247 1875 μης
282 1803 341 1858 τὸ
378 1800 697 1872 πρόθυμον.
1866 1822 1908 1856 20

81 1891 114 1943 3
249 1892 501 1958 χαλεπῶς
521 1889 580 1939 δὲ
608 1890 701 1940 καὶ
724 1886 833 1941 σῦν
867 1889 1059 1955 ἱδρῶτι
1077 1891 1265 1958 πολλῷ
1296 1892 1362 1956 τῇ
1398 1889 1551 1957 νήσῳ
1587 1904 1831 1955 προσορ-

145 1978 437 2043 μίσαντες,
467 1969 541 2033 ὠς
569 1968 718 2040 εἶχον
745 1974 978 2040 τάχους,
1009 1971 1099 2026 ἐπὶ
1134 1973 1232 2033 τὰς
1271 1970 1482 2040 σκηνὰς
1517 1971 1833 2040 ἀνέτρεχον.

145 2057 236 2110 καὶ
265 2056 359 2119 τὰς
387 2057 490 2124 μὲν
527 2059 1061 2124 καταλαμβάνουσιν
1097 2055 1203 2125 ἤδη
1242 2057 1718 2124 κατῃιθαλωμένας
1742 2057 1835 2108 καὶ

144 2147 219 2213 τῷ
259 2140 410 2210 τόπῳ
444 2140 597 2208 μόνῳ
633 2140 1066 2208 γνωριζομένας,
1104 2139 1203 2193 τὸν
1241 2144 1408 2192 λίθον
1445 2141 1505 2192 δὲ
1533 2137 1632 2192 τὸν
1658 2137 1836 2192 ούδὸν

146 2231 246 2280 τοῦ
287 2228 565 2292 σπηλαίου
591 2222 652 2276 τὸ
693 2225 956 2293 κάλυμμα
984 2224 1444 2293 διαφαινόμενον.
1506 2221 1534 2275 ὁ
1559 2221 1669 2292 γάρ
1706 2222 1830 2275 five·
1866 2242 1908 2276 25

143 2331 246 2381 μος
277 2311 548 2376 ἐπίφορος
574 2317 692 2369 ταῖς
728 2309 998 2377 καλύβαις
1026 2309 1369 2377 ἐμπνεύσας,
1407 2309 1501 2360 καὶ
1527 2301 1617 2359 οἶα
1645 2307 1711 2376 δὴ
1743 2311 1836 2360 λε-

145 2405 302 2456 πτοῖς
329 2392 616 2459 καλάμοις,
647 2390 740 2444 καὶ
760 2393 979 2456 τούτοις
1011 2393 1224 2459 ἑλείοις,
1254 2394 1593 2452 διαπλόκους
1611 2395 1679 2460 τῇ
1701 2391 1836 2461 ῥιπῇ

146 2478 285 2532 κατὰ
336 2476 588 2544 πάροδον
627 2478 999 2544 καταφλέξας,
1039 2481 1242 2545 μικροῦ
1279 2477 1371 2528 καὶ
1407 2476 1673 2528 ἰσόπεδον
1702 2476 1832 2528 ἐπε-

148 2566 344 2616 δείκνυ
379 2560 441 2612 τὸ
477 2555 880 2627 ὑποκείμενον,
919 2566 1015 2630 τῆς
1050 2562 1152 2628 μὲν
1182 2557 1390 2628 φλογὸς
1421 2557 1585 2621 ὀξέως
1619 2579 1836 2628 μαραν-

146 2650 349 2715 θείσης
368 2646 460 2697 καὶ
489 2646 565 2705 εἰς
590 2646 803 2711 τέφραν
830 2643 1236 2712 ἀναλυθείσης,
1265 2647 1360 2710 τῆς
1387 2642 1447 2696 δὲ
1478 2647 1714 2704 σποδιᾶς
1739 2646 1836 2710 τῆς
1865 2660 1908 2695 3ο

145 2733 249 2799 μὲν
276 2732 487 2796 πολλῆς
505 2732 581 2797 τῷ
611 2727 771 2799 ῥοίζῳ
799 2735 1258 2798 παρενεχθείσης,
1287 2724 1471 2794 ὀλίγης
1492 2728 1553 2780 δὲ
1579 2731 1677 2794 τῆς
1696 2724 1835 2779 ὑπο-

148 2814 476 2883 λειπομένης
503 2811 641 2883 πρὸς
667 2812 728 2865 τὸ
769 2811 941 2866 πνέον
969 2811 1182 2882 ἀπάσης
1218 2809 1418 2879 σχεδὸν
1457 2810 1834 2878 ἀποσβεσθεί-
