<?xml version="1.0" encoding="UTF-8"?>
<!DOCTYPE html PUBLIC "-//W3C//DTD XHTML 1.0 Transitional//EN"
    "http://www.w3.org/TR/xhtml1/DTD/xhtml1-transitional.dtd">
<html xmlns="http://www.w3.org/1999/xhtml" xml:lang="en" lang="en">
 <head>
  <title>
</title>
<meta http-equiv="Content-Type" content="text/html;charset=utf-8" />
  <meta name='ocr-system' content='tesseract 3.04.00' />
  <meta name='ocr-capabilities' content='ocr_page ocr_carea ocr_par ocr_line ocrx_word'/>
</head>
<body>
  <div class='ocr_page' id='page_1' title='image "./aethiopicorumlib00heliuoft_0109.png"; bbox 0 0 1916 3132; ppageno 0'>
   <div class='ocr_carea' id='block_1_1' title="bbox 793 71 1878 147">
    <p class='ocr_par' dir='ltr' id='par_1_1' title="bbox 793 71 1878 147">
     <span class='ocr_line' id='line_1_1' title="bbox 793 71 1878 147; baseline 0.001 -1"><span class='ocrx_word' id='word_1_1' title='bbox 793 97 1164 146; x_wconf 83' lang='lat' dir='ltr'><em>TETAPTON</em></span> <span class='ocrx_word' id='word_1_2' title='bbox 1765 71 1878 147; x_wconf 21' lang='lat'><strong><em>99*</em></strong></span> 
     </span>
    </p>
   </div>
   <div class='ocr_carea' id='block_1_2' title="bbox 3 231 1898 3022">
    <p class='ocr_par' dir='ltr' id='par_1_2' title="bbox 128 231 1838 393">
     <span class='ocr_line' id='line_1_2' title="bbox 128 231 1838 307; baseline -0.002 -17"><span class='ocrx_word' id='word_1_3' title='bbox 128 235 224 290; x_wconf 82' lang='grc' dir='ltr'><strong><em>ἅτε</em></strong></span> <span class='ocrx_word' id='word_1_4' title='bbox 261 237 332 306; x_wconf 88' lang='grc' dir='ltr'><strong><em>δή</em></strong></span> <span class='ocrx_word' id='word_1_5' title='bbox 370 255 464 307; x_wconf 92' lang='grc' dir='ltr'><strong><em>μοι</em></strong></span> <span class='ocrx_word' id='word_1_6' title='bbox 502 233 703 290; x_wconf 81' lang='grc' dir='ltr'><strong><em>λοιπὸν</em></strong></span> <span class='ocrx_word' id='word_1_7' title='bbox 739 232 815 298; x_wconf 72' lang='grc' dir='ltr'><strong><em>ὥς</em></strong></span> <span class='ocrx_word' id='word_1_8' title='bbox 851 234 1050 298; x_wconf 87' lang='grc' dir='ltr'><strong><em>παιδὸς</em></strong></span> <span class='ocrx_word' id='word_1_9' title='bbox 1076 231 1546 303; x_wconf 80' lang='grc' dir='ltr'><strong><em>ὑπερφροντίζειν</em></strong></span> <span class='ocrx_word' id='word_1_10' title='bbox 1582 252 1838 304; x_wconf 84' lang='grc' dir='ltr'><strong><em>προῃρη-</em></strong></span> 
     </span>
     <span class='ocr_line' id='line_1_3' title="bbox 128 322 294 393; baseline 0.006 -18"><span class='ocrx_word' id='word_1_11' title='bbox 128 322 294 393; x_wconf 78' lang='grc' dir='ltr'><strong><em>μένω.</em></strong></span> 
     </span>
    </p>

    <p class='ocr_par' dir='ltr' id='par_1_3' title="bbox 128 399 1839 557">
     <span class='ocr_line' id='line_1_4' title="bbox 236 399 1838 473; baseline -0.002 -14"><span class='ocrx_word' id='word_1_12' title='bbox 236 404 408 459; x_wconf 79' lang='grc' dir='ltr'><strong><em>οὐδὲν</em></strong></span> <span class='ocrx_word' id='word_1_13' title='bbox 464 405 817 473; x_wconf 83' lang='grc' dir='ltr'><strong><em>θαυμαστόν,</em></strong></span> <span class='ocrx_word' id='word_1_14' title='bbox 878 407 986 472; x_wconf 82' lang='grc' dir='ltr'><strong><em>ἔφη</em></strong></span> <span class='ocrx_word' id='word_1_15' title='bbox 1037 400 1065 456; x_wconf 96' lang='lat'><em>6</em></span> <span class='ocrx_word' id='word_1_16' title='bbox 1114 403 1392 472; x_wconf 83' lang='grc' dir='ltr'><em>Κνήμων,</em></span> <span class='ocrx_word' id='word_1_17' title='bbox 1445 399 1697 471; x_wconf 74' lang='grc' dir='ltr'><strong><em>ὁρῶντας</em></strong></span> <span class='ocrx_word' id='word_1_18' title='bbox 1745 404 1838 456; x_wconf 82' lang='grc' dir='ltr'><strong><em>καὶ</em></strong></span> 
     </span>
     <span class='ocr_line' id='line_1_5' title="bbox 128 486 1839 557; baseline -0.001 -14"><span class='ocrx_word' id='word_1_19' title='bbox 128 490 413 556; x_wconf 77' lang='grc' dir='ltr'><strong><em>παρόντας</em></strong></span> <span class='ocrx_word' id='word_1_20' title='bbox 446 487 717 557; x_wconf 81' lang='grc' dir='ltr'><strong><em>ἀγωνιᾶν,</em></strong></span> <span class='ocrx_word' id='word_1_21' title='bbox 769 487 859 542; x_wconf 83' lang='grc' dir='ltr'><strong><em>ὅτε</em></strong></span> <span class='ocrx_word' id='word_1_22' title='bbox 903 487 1056 557; x_wconf 71' lang='grc' dir='ltr'><strong><em>κάγώ</em></strong></span> <span class='ocrx_word' id='word_1_23' title='bbox 1107 487 1239 541; x_wconf 83' lang='grc' dir='ltr'><strong><em>νυνὶ</em></strong></span> <span class='ocrx_word' id='word_1_24' title='bbox 1277 489 1407 554; x_wconf 80' lang='grc' dir='ltr'><strong><em>περὶ</em></strong></span> <span class='ocrx_word' id='word_1_25' title='bbox 1452 491 1530 557; x_wconf 79' lang='grc' dir='ltr'><strong><em>τῷ</em></strong></span> <span class='ocrx_word' id='word_1_26' title='bbox 1570 486 1839 556; x_wconf 77' lang='grc' dir='ltr'><strong><em>Θεαγένει</em></strong></span> 
     </span>
    </p>

    <p class='ocr_par' dir='ltr' id='par_1_4' title="bbox 77 570 1837 712">
     <span class='ocr_line' id='line_1_6' title="bbox 77 570 1837 643; baseline -0.001 -16"><span class='ocrx_word' id='word_1_27' title='bbox 77 595 98 627; x_wconf 75' lang='grc'><strong>5</strong></span> <span class='ocrx_word' id='word_1_28' title='bbox 129 575 301 628; x_wconf 82' lang='grc' dir='ltr'><strong><em>δέδια.</em></strong></span> <span class='ocrx_word' id='word_1_29' title='bbox 367 577 466 626; x_wconf 88' lang='grc' dir='ltr'><strong><em>καί</em></strong></span> <span class='ocrx_word' id='word_1_30' title='bbox 501 588 606 626; x_wconf 92' lang='grc' dir='ltr'><strong><em>σου</em></strong></span> <span class='ocrx_word' id='word_1_31' title='bbox 642 573 836 643; x_wconf 93' lang='grc' dir='ltr'><strong><em>δέομαι</em></strong></span> <span class='ocrx_word' id='word_1_32' title='bbox 871 576 1110 641; x_wconf 77' lang='grc' dir='ltr'><strong><em>θᾶττον,</em></strong></span> <span class='ocrx_word' id='word_1_33' title='bbox 1152 573 1203 626; x_wconf 87' lang='grc' dir='ltr'><strong><em>εί</em></strong></span> <span class='ocrx_word' id='word_1_34' title='bbox 1237 576 1416 626; x_wconf 76' lang='grc' dir='ltr'><strong><em>νικῶν</em></strong></span> <span class='ocrx_word' id='word_1_35' title='bbox 1453 570 1837 643; x_wconf 81' lang='grc' dir='ltr'><strong><em>ἀνηγορεύθη,</em></strong></span> 
     </span>
     <span class='ocr_line' id='line_1_7' title="bbox 127 660 396 712; baseline 0 0"><span class='ocrx_word' id='word_1_36' title='bbox 127 660 396 712; x_wconf 80' lang='grc' dir='ltr'><strong><em>διελθεῖν.</em></strong></span> 
     </span>
    </p>

    <p class='ocr_par' dir='ltr' id='par_1_5' title="bbox 126 736 1898 982">
     <span class='ocr_line' id='line_1_8' title="bbox 235 736 1898 812; baseline -0.001 -15"><span class='ocrx_word' id='word_1_37' title='bbox 235 742 357 797; x_wconf 87' lang='grc' dir='ltr'><strong><em>ἐπεὶ</em></strong></span> <span class='ocrx_word' id='word_1_38' title='bbox 384 740 450 811; x_wconf 85' lang='grc' dir='ltr'><strong><em>δὴ</em></strong></span> <span class='ocrx_word' id='word_1_39' title='bbox 474 745 649 811; x_wconf 81' lang='grc' dir='ltr'><strong><em>μέσον</em></strong></span> <span class='ocrx_word' id='word_1_40' title='bbox 675 736 720 796; x_wconf 72' lang='grc' dir='ltr'><strong><em>αἶ</em></strong></span> <span class='ocrx_word' id='word_1_41' title='bbox 748 743 999 812; x_wconf 83' lang='grc' dir='ltr'><strong><em>Κνήμων</em></strong></span> <span class='ocrx_word' id='word_1_42' title='bbox 1022 740 1230 811; x_wconf 78' lang='grc' dir='ltr'><strong><em>ἠνύετο</em></strong></span> <span class='ocrx_word' id='word_1_43' title='bbox 1257 739 1319 795; x_wconf 89' lang='grc' dir='ltr'><strong><em>τὸ</em></strong></span> <span class='ocrx_word' id='word_1_44' title='bbox 1358 742 1610 809; x_wconf 81' lang='grc' dir='ltr'><strong><em>στάδιον,</em></strong></span> <span class='ocrx_word' id='word_1_45' title='bbox 1640 739 1835 810; x_wconf 79' lang='grc' dir='ltr'><strong><em>ὀλίγον</em></strong></span> <span class='ocrx_word' id='word_1_46' title='bbox 1861 744 1898 796; x_wconf 88' lang='grc'>4</span> 
     </span>
     <span class='ocr_line' id='line_1_9' title="bbox 129 824 1836 896; baseline -0.002 -14"><span class='ocrx_word' id='word_1_47' title='bbox 129 827 467 896; x_wconf 84' lang='grc' dir='ltr'><strong><em>ἐπιστρέψας</em></strong></span> <span class='ocrx_word' id='word_1_48' title='bbox 505 828 599 881; x_wconf 81' lang='grc' dir='ltr'><strong><em>καὶ</em></strong></span> <span class='ocrx_word' id='word_1_49' title='bbox 646 824 973 896; x_wconf 81' lang='grc' dir='ltr'><strong><em>ὑποβλέψας</em></strong></span> <span class='ocrx_word' id='word_1_50' title='bbox 1020 826 1122 880; x_wconf 88' lang='grc' dir='ltr'><strong><em>τὸν</em></strong></span> <span class='ocrx_word' id='word_1_51' title='bbox 1145 824 1836 896; x_wconf 71' lang='grc' dir='ltr'><strong><em>”Ορμενον’ἀνακουφίζει</em></strong></span> 
     </span>
     <span class='ocr_line' id='line_1_10' title="bbox 126 910 1836 982; baseline -0.001 -17"><span class='ocrx_word' id='word_1_52' title='bbox 126 911 231 982; x_wconf 77' lang='grc' dir='ltr'><strong><em>τὴν</em></strong></span> <span class='ocrx_word' id='word_1_53' title='bbox 269 910 482 966; x_wconf 79' lang='grc' dir='ltr'><strong><em>ἀσπίδα</em></strong></span> <span class='ocrx_word' id='word_1_54' title='bbox 521 910 662 981; x_wconf 85' lang='grc' dir='ltr'><strong><em>πρὸς</em></strong></span> <span class='ocrx_word' id='word_1_55' title='bbox 686 910 860 981; x_wconf 81' lang='grc' dir='ltr'><strong><em>ὕψος,</em></strong></span> <span class='ocrx_word' id='word_1_56' title='bbox 901 910 997 965; x_wconf 88' lang='grc' dir='ltr'><strong><em>καὶ</em></strong></span> <span class='ocrx_word' id='word_1_57' title='bbox 1033 910 1133 966; x_wconf 86' lang='grc' dir='ltr'><strong><em>τὸν</em></strong></span> <span class='ocrx_word' id='word_1_58' title='bbox 1174 911 1385 981; x_wconf 85' lang='grc' dir='ltr'><strong><em>αὐχένα</em></strong></span> <span class='ocrx_word' id='word_1_59' title='bbox 1426 913 1732 981; x_wconf 85' lang='grc' dir='ltr'><strong><em>διεγείρας,</em></strong></span> <span class='ocrx_word' id='word_1_60' title='bbox 1774 910 1836 965; x_wconf 87' lang='grc' dir='ltr'><strong><em>τὸ</em></strong></span> 
     </span>
    </p>

    <p class='ocr_par' dir='ltr' id='par_1_6' title="bbox 58 995 1837 1406">
     <span class='ocr_line' id='line_1_11' title="bbox 58 995 1832 1066; baseline 0 -17"><span class='ocrx_word' id='word_1_61' title='bbox 58 1015 99 1049; x_wconf 86' lang='lat'><strong><em>10</em></strong></span> <span class='ocrx_word' id='word_1_62' title='bbox 128 998 347 1066; x_wconf 83' lang='grc' dir='ltr'><strong><em>βλέμμα</em></strong></span> <span class='ocrx_word' id='word_1_63' title='bbox 372 1016 433 1050; x_wconf 89' lang='grc' dir='ltr'><strong><em>τε</em></strong></span> <span class='ocrx_word' id='word_1_64' title='bbox 453 995 587 1051; x_wconf 85' lang='grc' dir='ltr'><strong><em>ὅλον</em></strong></span> <span class='ocrx_word' id='word_1_65' title='bbox 609 999 686 1060; x_wconf 84' lang='grc' dir='ltr'><strong><em>εἰς</em></strong></span> <span class='ocrx_word' id='word_1_66' title='bbox 710 1017 816 1066; x_wconf 85' lang='grc' dir='ltr'><strong><em>την</em></strong></span> <span class='ocrx_word' id='word_1_67' title='bbox 842 1001 1188 1064; x_wconf 81' lang='grc' dir='ltr'><strong><em>Χαρίκλειαν</em></strong></span> <span class='ocrx_word' id='word_1_68' title='bbox 1207 999 1423 1064; x_wconf 82' lang='grc' dir='ltr'><strong><em>τείνας,</em></strong></span> <span class='ocrx_word' id='word_1_69' title='bbox 1452 998 1719 1065; x_wconf 78' lang='grc' dir='ltr'><strong><em>καθάπερ</em></strong></span> <span class='ocrx_word' id='word_1_70' title='bbox 1736 997 1832 1065; x_wconf 85' lang='grc' dir='ltr'><strong><em>βέ-</em></strong></span> 
     </span>
     <span class='ocr_line' id='line_1_12' title="bbox 127 1078 1837 1156; baseline 0 -21"><span class='ocrx_word' id='word_1_71' title='bbox 127 1086 224 1144; x_wconf 90' lang='grc' dir='ltr'><strong><em>λος</em></strong></span> <span class='ocrx_word' id='word_1_72' title='bbox 263 1081 353 1135; x_wconf 90' lang='grc' dir='ltr'><strong><em>ἐπὶ</em></strong></span> <span class='ocrx_word' id='word_1_73' title='bbox 393 1081 609 1135; x_wconf 85' lang='grc' dir='ltr'><strong><em>σκοπὸν</em></strong></span> <span class='ocrx_word' id='word_1_74' title='bbox 659 1081 921 1150; x_wconf 82' lang='grc' dir='ltr'><strong><em>ἐφέρετο,</em></strong></span> <span class='ocrx_word' id='word_1_75' title='bbox 974 1081 1067 1135; x_wconf 86' lang='grc' dir='ltr'><strong><em>καὶ</em></strong></span> <span class='ocrx_word' id='word_1_76' title='bbox 1115 1084 1390 1156; x_wconf 82' lang='grc' dir='ltr'><strong><em>τοσοῦτον</em></strong></span> <span class='ocrx_word' id='word_1_77' title='bbox 1429 1082 1696 1150; x_wconf 85' lang='grc' dir='ltr'><strong><em>παρέφθη</em></strong></span> <span class='ocrx_word' id='word_1_78' title='bbox 1735 1078 1837 1135; x_wconf 87' lang='grc' dir='ltr'><strong><em>τὸν</em></strong></span> 
     </span>
     <span class='ocr_line' id='line_1_13' title="bbox 122 1153 1837 1250; baseline 0.001 -32.002"><span class='ocrx_word' id='word_1_79' title='bbox 122 1153 365 1235; x_wconf 71' lang='grc' dir='ltr'><strong><em>Ἀρκάδα</em></strong></span> <span class='ocrx_word' id='word_1_80' title='bbox 393 1165 642 1235; x_wconf 77' lang='grc' dir='ltr'><strong><em>ὀργυιῶν</em></strong></span> <span class='ocrx_word' id='word_1_81' title='bbox 668 1170 959 1250; x_wconf 81' lang='grc' dir='ltr'><strong><em>πλῆθος,</em></strong></span> <span class='ocrx_word' id='word_1_82' title='bbox 949 1164 984 1229; x_wconf 84' lang='grc' dir='ltr'>ῥ</span> <span class='ocrx_word' id='word_1_83' title='bbox 1009 1167 1302 1220; x_wconf 79' lang='grc' dir='ltr'><strong><em>διαλεῖπον</em></strong></span> <span class='ocrx_word' id='word_1_84' title='bbox 1330 1162 1409 1228; x_wconf 76' lang='grc' dir='ltr'><strong><em>εἷς</em></strong></span> <span class='ocrx_word' id='word_1_85' title='bbox 1432 1163 1679 1235; x_wconf 81' lang='grc' dir='ltr'><strong><em>ὕστερον</em></strong></span> <span class='ocrx_word' id='word_1_86' title='bbox 1707 1164 1837 1234; x_wconf 84' lang='grc' dir='ltr'><strong><em>έμε-</em></strong></span> 
     </span>
     <span class='ocr_line' id='line_1_14' title="bbox 126 1251 1836 1322; baseline -0.001 -17"><span class='ocrx_word' id='word_1_87' title='bbox 126 1252 330 1320; x_wconf 81' lang='grc' dir='ltr'><strong><em>τρήθη.</em></strong></span> <span class='ocrx_word' id='word_1_88' title='bbox 390 1252 773 1321; x_wconf 77' lang='grc' dir='ltr'><strong><em>προσδραμών</em></strong></span> <span class='ocrx_word' id='word_1_89' title='bbox 799 1251 905 1305; x_wconf 87' lang='grc' dir='ltr'><strong><em>οὐν</em></strong></span> <span class='ocrx_word' id='word_1_90' title='bbox 927 1255 995 1320; x_wconf 83' lang='grc' dir='ltr'><strong><em>τῇ</em></strong></span> <span class='ocrx_word' id='word_1_91' title='bbox 1023 1253 1332 1322; x_wconf 84' lang='grc' dir='ltr'><strong><em>Χαρικλεία</em></strong></span> <span class='ocrx_word' id='word_1_92' title='bbox 1359 1251 1537 1313; x_wconf 85' lang='grc' dir='ltr'><strong><em>πολύς</em></strong></span> <span class='ocrx_word' id='word_1_93' title='bbox 1562 1270 1621 1303; x_wconf 93' lang='grc' dir='ltr'><strong><em>τε</em></strong></span> <span class='ocrx_word' id='word_1_94' title='bbox 1650 1252 1836 1315; x_wconf 82' lang='grc' dir='ltr'><strong><em>ἐξεπί-</em></strong></span> 
     </span>
     <span class='ocr_line' id='line_1_15' title="bbox 126 1334 1837 1406; baseline 0 -18"><span class='ocrx_word' id='word_1_95' title='bbox 126 1337 287 1405; x_wconf 89' lang='grc' dir='ltr'><strong><em>τηδες</em></strong></span> <span class='ocrx_word' id='word_1_96' title='bbox 326 1337 404 1398; x_wconf 81' lang='grc' dir='ltr'><strong><em>εἰς</em></strong></span> <span class='ocrx_word' id='word_1_97' title='bbox 442 1334 504 1389; x_wconf 87' lang='grc' dir='ltr'><strong><em>τὸ</em></strong></span> <span class='ocrx_word' id='word_1_98' title='bbox 542 1336 781 1405; x_wconf 86' lang='grc' dir='ltr'><strong><em>στέρνον</em></strong></span> <span class='ocrx_word' id='word_1_99' title='bbox 810 1338 1099 1406; x_wconf 84' lang='grc' dir='ltr'><strong><em>ἐμπίπτει,</em></strong></span> <span class='ocrx_word' id='word_1_100' title='bbox 1139 1339 1242 1390; x_wconf 84' lang='grc' dir='ltr'><strong><em>τοῦ</em></strong></span> <span class='ocrx_word' id='word_1_101' title='bbox 1269 1336 1486 1405; x_wconf 86' lang='grc' dir='ltr'><strong><em>δρόμου</em></strong></span> <span class='ocrx_word' id='word_1_102' title='bbox 1526 1337 1707 1404; x_wconf 82' lang='grc' dir='ltr'><strong><em>δῆθεν</em></strong></span> <span class='ocrx_word' id='word_1_103' title='bbox 1733 1334 1837 1405; x_wconf 82' lang='grc' dir='ltr'><strong><em>τήν</em></strong></span> 
     </span>
    </p>

    <p class='ocr_par' dir='ltr' id='par_1_7' title="bbox 57 1418 1836 1575">
     <span class='ocr_line' id='line_1_16' title="bbox 57 1418 1836 1490; baseline 0.002 -20"><span class='ocrx_word' id='word_1_104' title='bbox 57 1438 100 1471; x_wconf 82' lang='lat'><strong><em>15</em></strong></span> <span class='ocrx_word' id='word_1_105' title='bbox 131 1420 320 1490; x_wconf 79' lang='grc' dir='ltr'><strong><em>ῥύμην</em></strong></span> <span class='ocrx_word' id='word_1_106' title='bbox 359 1419 463 1475; x_wconf 83' lang='grc' dir='ltr'><strong><em>οὐκ</em></strong></span> <span class='ocrx_word' id='word_1_107' title='bbox 505 1420 783 1488; x_wconf 79' lang='grc' dir='ltr'><strong><em>ε’νεγκων,</em></strong></span> <span class='ocrx_word' id='word_1_108' title='bbox 826 1423 919 1475; x_wconf 81' lang='grc' dir='ltr'><strong><em>καὶ</em></strong></span> <span class='ocrx_word' id='word_1_109' title='bbox 946 1423 1047 1475; x_wconf 88' lang='grc' dir='ltr'><strong><em>τὸν</em></strong></span> <span class='ocrx_word' id='word_1_110' title='bbox 1087 1424 1317 1490; x_wconf 91' lang='grc' dir='ltr'><strong><em>φοίνικα</em></strong></span> <span class='ocrx_word' id='word_1_111' title='bbox 1345 1419 1704 1490; x_wconf 81' lang='grc' dir='ltr'><strong><em>κομιζόμενος</em></strong></span> <span class='ocrx_word' id='word_1_112' title='bbox 1730 1418 1836 1474; x_wconf 83' lang='grc' dir='ltr'><strong><em>οὐκ</em></strong></span> 
     </span>
     <span class='ocr_line' id='line_1_17' title="bbox 127 1504 1314 1575; baseline 0.002 -16"><span class='ocrx_word' id='word_1_113' title='bbox 127 1508 300 1559; x_wconf 82' lang='grc' dir='ltr'><strong><em>ἔλαθέ</em></strong></span> <span class='ocrx_word' id='word_1_114' title='bbox 330 1524 399 1575; x_wconf 87' lang='grc' dir='ltr'><strong><em>με</em></strong></span> <span class='ocrx_word' id='word_1_115' title='bbox 435 1504 537 1574; x_wconf 82' lang='grc' dir='ltr'><strong><em>τὴν</em></strong></span> <span class='ocrx_word' id='word_1_116' title='bbox 573 1514 730 1573; x_wconf 81' lang='grc' dir='ltr'><strong><em>χεῖρα</em></strong></span> <span class='ocrx_word' id='word_1_117' title='bbox 765 1511 863 1575; x_wconf 87' lang='grc' dir='ltr'><strong><em>τῆς</em></strong></span> <span class='ocrx_word' id='word_1_118' title='bbox 902 1508 1075 1575; x_wconf 87' lang='grc' dir='ltr'><strong><em>κόρης</em></strong></span> <span class='ocrx_word' id='word_1_119' title='bbox 1112 1509 1314 1573; x_wconf 75' lang='grc' dir='ltr'><strong><em>φιλῶν.</em></strong></span> 
     </span>
    </p>

    <p class='ocr_par' dir='ltr' id='par_1_8' title="bbox 126 1587 1836 1830">
     <span class='ocr_line' id='line_1_18' title="bbox 234 1587 1836 1660; baseline -0.001 -17"><span class='ocrx_word' id='word_1_120' title='bbox 234 1587 566 1658; x_wconf 62' lang='grc' dir='ltr'><strong><em>ἀπέσωσαςξ</em></strong></span> <span class='ocrx_word' id='word_1_121' title='bbox 610 1587 766 1644; x_wconf 80' lang='grc' dir='ltr'><strong><em>εἶπεν</em></strong></span> <span class='ocrx_word' id='word_1_122' title='bbox 804 1590 833 1643; x_wconf 88' lang='grc' dir='ltr'>ὁ</span> <span class='ocrx_word' id='word_1_123' title='bbox 872 1591 1151 1660; x_wconf 87' lang='grc' dir='ltr'><strong><em>Κνήμων,</em></strong></span> <span class='ocrx_word' id='word_1_124' title='bbox 1202 1588 1287 1642; x_wconf 81' lang='grc' dir='ltr'><strong><em>ὅτι</em></strong></span> <span class='ocrx_word' id='word_1_125' title='bbox 1340 1590 1432 1642; x_wconf 86' lang='grc' dir='ltr'><strong><em>καὶ</em></strong></span> <span class='ocrx_word' id='word_1_126' title='bbox 1475 1591 1702 1659; x_wconf 88' lang='grc' dir='ltr'><strong><em>ἐνίκησε</em></strong></span> <span class='ocrx_word' id='word_1_127' title='bbox 1742 1589 1836 1642; x_wconf 87' lang='grc' dir='ltr'><strong><em>καὶ</em></strong></span> 
     </span>
     <span class='ocr_line' id='line_1_19' title="bbox 129 1672 1835 1745; baseline -0.001 -17"><span class='ocrx_word' id='word_1_128' title='bbox 129 1674 416 1744; x_wconf 87' lang='grc' dir='ltr'><strong><em>ἐφίλησεν.</em></strong></span> <span class='ocrx_word' id='word_1_129' title='bbox 480 1672 623 1727; x_wconf 81' lang='grc' dir='ltr'><strong><em>ἀλλά</em></strong></span> <span class='ocrx_word' id='word_1_130' title='bbox 651 1678 777 1728; x_wconf 92' lang='grc' dir='ltr'><strong><em>τίνα</em></strong></span> <span class='ocrx_word' id='word_1_131' title='bbox 816 1674 884 1745; x_wconf 83' lang='grc' dir='ltr'><strong><em>δὴ</em></strong></span> <span class='ocrx_word' id='word_1_132' title='bbox 924 1674 991 1728; x_wconf 79' lang='grc' dir='ltr'><strong><em>τὰ</em></strong></span> <span class='ocrx_word' id='word_1_133' title='bbox 1029 1674 1175 1744; x_wconf 78' lang='grc' dir='ltr'><strong><em>ἑξῆςς</em></strong></span> <span class='ocrx_word' id='word_1_134' title='bbox 1217 1673 1285 1726; x_wconf 80' lang='grc' dir='ltr'><strong><em>οὐ</em></strong></span> <span class='ocrx_word' id='word_1_135' title='bbox 1322 1674 1505 1742; x_wconf 92' lang='grc' dir='ltr'><strong><em>μόνον</em></strong></span> <span class='ocrx_word' id='word_1_136' title='bbox 1543 1672 1835 1744; x_wconf 78' lang='grc' dir='ltr'><strong><em>ἀκουσμά-</em></strong></span> 
     </span>
     <span class='ocr_line' id='line_1_20' title="bbox 126 1750 1835 1830; baseline 0.001 -18"><span class='ocrx_word' id='word_1_137' title='bbox 126 1779 241 1813; x_wconf 89' lang='grc' dir='ltr'><strong><em>των</em></strong></span> <span class='ocrx_word' id='word_1_138' title='bbox 277 1758 582 1830; x_wconf 77' lang='grc' dir='ltr'><strong><em>ἀκόρεστος</em></strong></span> <span class='ocrx_word' id='word_1_139' title='bbox 619 1759 727 1830; x_wconf 80' lang='grc' dir='ltr'><strong><em>ἄρα</em></strong></span> <span class='ocrx_word' id='word_1_140' title='bbox 762 1750 915 1828; x_wconf 82' lang='grc' dir='ltr'><strong><em>ἦσθα</em></strong></span> <span class='ocrx_word' id='word_1_141' title='bbox 956 1752 1001 1813; x_wconf 70' lang='grc' dir='ltr'><em>ὦ</em></span> <span class='ocrx_word' id='word_1_142' title='bbox 1041 1758 1319 1829; x_wconf 86' lang='grc' dir='ltr'><strong><em>Κνήμων,</em></strong></span> <span class='ocrx_word' id='word_1_143' title='bbox 1361 1757 1502 1811; x_wconf 81' lang='grc' dir='ltr'><strong><em>ἀλλά</em></strong></span> <span class='ocrx_word' id='word_1_144' title='bbox 1543 1760 1636 1812; x_wconf 83' lang='grc' dir='ltr'><strong><em>καὶ</em></strong></span> <span class='ocrx_word' id='word_1_145' title='bbox 1672 1757 1835 1830; x_wconf 76' lang='grc' dir='ltr'><strong><em>ὕπνῳ</em></strong></span> 
     </span>
    </p>

    <p class='ocr_par' dir='ltr' id='par_1_9' title="bbox 3 1842 1835 2253">
     <span class='ocr_line' id='line_1_21' title="bbox 3 1842 1832 1914; baseline 0.002 -21"><span class='ocrx_word' id='word_1_146' title='bbox 3 1877 9 1883; x_wconf 85' lang='lat'><em>·</em></span> <span class='ocrx_word' id='word_1_147' title='bbox 54 1861 96 1895; x_wconf 84' lang='lat'><strong><em>20</em></strong></span> <span class='ocrx_word' id='word_1_148' title='bbox 127 1843 467 1907; x_wconf 78' lang='grc' dir='ltr'><strong><em>δυσάλωτος.</em></strong></span> <span class='ocrx_word' id='word_1_149' title='bbox 539 1842 648 1914; x_wconf 86' lang='grc' dir='ltr'><strong><em>ἤδη</em></strong></span> <span class='ocrx_word' id='word_1_150' title='bbox 685 1847 830 1913; x_wconf 85' lang='grc' dir='ltr'><strong><em>γοῦν</em></strong></span> <span class='ocrx_word' id='word_1_151' title='bbox 866 1843 970 1898; x_wconf 84' lang='grc' dir='ltr'><strong><em>οὐκ</em></strong></span> <span class='ocrx_word' id='word_1_152' title='bbox 1018 1842 1210 1914; x_wconf 85' lang='grc' dir='ltr'><strong><em>ὀλίγης</em></strong></span> <span class='ocrx_word' id='word_1_153' title='bbox 1252 1846 1451 1912; x_wconf 91' lang='grc' dir='ltr'><strong><em>μοίρας</em></strong></span> <span class='ocrx_word' id='word_1_154' title='bbox 1493 1848 1591 1913; x_wconf 84' lang='grc' dir='ltr'><strong><em>τῆς</em></strong></span> <span class='ocrx_word' id='word_1_155' title='bbox 1626 1843 1832 1907; x_wconf 83' lang='grc' dir='ltr'><strong><em>νυκτὸς</em></strong></span> 
     </span>
     <span class='ocr_line' id='line_1_22' title="bbox 126 1926 1835 2001; baseline 0.001 -20"><span class='ocrx_word' id='word_1_156' title='bbox 126 1932 524 2001; x_wconf 80' lang='grc' dir='ltr'><strong><em>παρῳχηκυίας</em></strong></span> <span class='ocrx_word' id='word_1_157' title='bbox 559 1928 805 1999; x_wconf 87' lang='grc' dir='ltr'><strong><em>ἀντέχεις</em></strong></span> <span class='ocrx_word' id='word_1_158' title='bbox 833 1927 1154 1999; x_wconf 77' lang='grc' dir='ltr'><strong><em>ἐγρηγορώς</em></strong></span> <span class='ocrx_word' id='word_1_159' title='bbox 1190 1930 1283 1982; x_wconf 84' lang='grc' dir='ltr'><strong><em>καὶ</em></strong></span> <span class='ocrx_word' id='word_1_160' title='bbox 1309 1926 1413 1998; x_wconf 84' lang='grc' dir='ltr'><strong><em>τὴν</em></strong></span> <span class='ocrx_word' id='word_1_161' title='bbox 1440 1928 1703 1998; x_wconf 88' lang='grc' dir='ltr'><strong><em>διήγησιν</em></strong></span> <span class='ocrx_word' id='word_1_162' title='bbox 1727 1950 1835 1999; x_wconf 92' lang='grc' dir='ltr'><strong><em>μη-</em></strong></span> 
     </span>
     <span class='ocr_line' id='line_1_23' title="bbox 126 2011 1833 2085; baseline 0 -18"><span class='ocrx_word' id='word_1_163' title='bbox 126 2015 448 2085; x_wconf 86' lang='grc' dir='ltr'><strong><em>κυνομένην</em></strong></span> <span class='ocrx_word' id='word_1_164' title='bbox 474 2012 579 2068; x_wconf 78' lang='grc' dir='ltr'><strong><em>οὐκ</em></strong></span> <span class='ocrx_word' id='word_1_165' title='bbox 607 2013 946 2077; x_wconf 83' lang='grc' dir='ltr'><strong><em>ἀποκναίεις.</em></strong></span> <span class='ocrx_word' id='word_1_166' title='bbox 1014 2015 1123 2083; x_wconf 75' lang='grc' dir='ltr'><strong><em>ἐγὼ</em></strong></span> <span class='ocrx_word' id='word_1_167' title='bbox 1153 2015 1246 2066; x_wconf 83' lang='grc' dir='ltr'><strong><em>καὶ</em></strong></span> <span class='ocrx_word' id='word_1_168' title='bbox 1276 2011 1496 2084; x_wconf 81' lang='grc' dir='ltr'><strong><em>Ὁμήρῳ</em></strong></span> <span class='ocrx_word' id='word_1_169' title='bbox 1527 2012 1833 2083; x_wconf 90' lang='grc' dir='ltr'><strong><em>μέμφομαι,</em></strong></span> 
     </span>
     <span class='ocr_line' id='line_1_24' title="bbox 126 2090 1828 2168; baseline 0 -16"><span class='ocrx_word' id='word_1_170' title='bbox 126 2090 173 2152; x_wconf 69' lang='lat'><strong><em>03</em></strong></span> <span class='ocrx_word' id='word_1_171' title='bbox 200 2099 406 2168; x_wconf 77' lang='grc' dir='ltr'><strong><em>πάτερ,</em></strong></span> <span class='ocrx_word' id='word_1_172' title='bbox 434 2098 624 2152; x_wconf 78' lang='grc' dir='ltr'><strong><em>ἄλλων</em></strong></span> <span class='ocrx_word' id='word_1_173' title='bbox 651 2118 709 2152; x_wconf 92' lang='grc' dir='ltr'><strong><em>τε</em></strong></span> <span class='ocrx_word' id='word_1_174' title='bbox 736 2100 829 2152; x_wconf 86' lang='grc' dir='ltr'><strong><em>καὶ</em></strong></span> <span class='ocrx_word' id='word_1_175' title='bbox 857 2102 1156 2168; x_wconf 82' lang='grc' dir='ltr'><strong><em>φιλότητος</em></strong></span> <span class='ocrx_word' id='word_1_176' title='bbox 1184 2099 1360 2167; x_wconf 88' lang='grc' dir='ltr'><strong><em>κόρον</em></strong></span> <span class='ocrx_word' id='word_1_177' title='bbox 1388 2095 1534 2152; x_wconf 86' lang='grc' dir='ltr'><strong><em>εἶναι</em></strong></span> <span class='ocrx_word' id='word_1_178' title='bbox 1561 2098 1828 2167; x_wconf 89' lang='grc' dir='ltr'><strong><em>φήσαντι,</em></strong></span> 
     </span>
     <span class='ocr_line' id='line_1_25' title="bbox 128 2179 1833 2253; baseline 0.001 -17"><span class='ocrx_word' id='word_1_179' title='bbox 128 2186 455 2252; x_wconf 81' lang='grc' dir='ltr'><strong><em>πράγματος</em></strong></span> <span class='ocrx_word' id='word_1_180' title='bbox 494 2179 524 2236; x_wconf 82' lang='grc' dir='ltr'><em>ὃ</em></span> <span class='ocrx_word' id='word_1_181' title='bbox 561 2182 683 2237; x_wconf 86' lang='grc' dir='ltr'><strong><em>κατ’</em></strong></span> <span class='ocrx_word' id='word_1_182' title='bbox 715 2183 810 2251; x_wconf 83' lang='grc' dir='ltr'><strong><em>ἐμὲ</em></strong></span> <span class='ocrx_word' id='word_1_183' title='bbox 846 2182 1059 2252; x_wconf 45' lang='grc' dir='ltr'><strong><em>κριτὴν(</em></strong></span> <span class='ocrx_word' id='word_1_184' title='bbox 1087 2182 1362 2253; x_wconf 86' lang='grc' dir='ltr'><strong><em>οὐδεμίαν</em></strong></span> <span class='ocrx_word' id='word_1_185' title='bbox 1390 2185 1551 2251; x_wconf 87' lang='grc' dir='ltr'><strong><em>φέρει</em></strong></span> <span class='ocrx_word' id='word_1_186' title='bbox 1578 2186 1833 2253; x_wconf 87' lang='grc' dir='ltr'><strong><em>πλησμο-</em></strong></span> 
     </span>
    </p>

    <p class='ocr_par' dir='ltr' id='par_1_10' title="bbox 58 2265 1834 2677">
     <span class='ocr_line' id='line_1_26' title="bbox 58 2265 1829 2337; baseline 0.002 -19"><span class='ocrx_word' id='word_1_187' title='bbox 58 2284 100 2318; x_wconf 85' lang='lat'><strong><em>25</em></strong></span> <span class='ocrx_word' id='word_1_188' title='bbox 128 2268 265 2337; x_wconf 89' lang='grc' dir='ltr'><strong><em>νήν,</em></strong></span> <span class='ocrx_word' id='word_1_189' title='bbox 307 2265 434 2321; x_wconf 78' lang='grc' dir='ltr'><strong><em>οὔτε</em></strong></span> <span class='ocrx_word' id='word_1_190' title='bbox 472 2266 607 2322; x_wconf 83' lang='grc' dir='ltr'><strong><em>καθ’</em></strong></span> <span class='ocrx_word' id='word_1_191' title='bbox 636 2266 851 2337; x_wconf 85' lang='grc' dir='ltr'><strong><em>ἡδονὴν</em></strong></span> <span class='ocrx_word' id='word_1_192' title='bbox 887 2266 1206 2337; x_wconf 89' lang='grc' dir='ltr'><strong><em>ἀνυόμενον</em></strong></span> <span class='ocrx_word' id='word_1_193' title='bbox 1244 2266 1374 2322; x_wconf 81' lang='grc' dir='ltr'><strong><em>οὔτε</em></strong></span> <span class='ocrx_word' id='word_1_194' title='bbox 1414 2270 1491 2330; x_wconf 83' lang='grc' dir='ltr'><strong><em>εἰς</em></strong></span> <span class='ocrx_word' id='word_1_195' title='bbox 1528 2265 1710 2336; x_wconf 84' lang='grc' dir='ltr'><strong><em>ἀκοὴν</em></strong></span> <span class='ocrx_word' id='word_1_196' title='bbox 1738 2269 1829 2337; x_wconf 85' lang='grc' dir='ltr'><strong><em>ἐρ-</em></strong></span> 
     </span>
     <span class='ocr_line' id='line_1_27' title="bbox 127 2352 1834 2422; baseline -0.002 -15"><span class='ocrx_word' id='word_1_197' title='bbox 127 2352 388 2422; x_wconf 81' lang='grc' dir='ltr'><strong><em>χόμενον.</em></strong></span> <span class='ocrx_word' id='word_1_198' title='bbox 457 2355 509 2407; x_wconf 83' lang='grc' dir='ltr'><strong><em>εἰ</em></strong></span> <span class='ocrx_word' id='word_1_199' title='bbox 546 2354 610 2406; x_wconf 90' lang='grc' dir='ltr'><strong><em>δέ</em></strong></span> <span class='ocrx_word' id='word_1_200' title='bbox 644 2373 727 2417; x_wconf 89' lang='grc' dir='ltr'><strong><em>τις</em></strong></span> <span class='ocrx_word' id='word_1_201' title='bbox 768 2353 861 2406; x_wconf 86' lang='grc' dir='ltr'><strong><em>καὶ</em></strong></span> <span class='ocrx_word' id='word_1_202' title='bbox 898 2357 1000 2406; x_wconf 84' lang='grc' dir='ltr'><strong><em>τοῦ</em></strong></span> <span class='ocrx_word' id='word_1_203' title='bbox 1037 2356 1348 2422; x_wconf 85' lang='grc' dir='ltr'><strong><em>Θεαγένους</em></strong></span> <span class='ocrx_word' id='word_1_204' title='bbox 1373 2354 1467 2405; x_wconf 84' lang='grc' dir='ltr'><strong><em>καὶ</em></strong></span> <span class='ocrx_word' id='word_1_205' title='bbox 1496 2354 1834 2421; x_wconf 88' lang='grc' dir='ltr'><strong><em>Χαρικλείας</em></strong></span> 
     </span>
     <span class='ocr_line' id='line_1_28' title="bbox 129 2433 1834 2508; baseline -0.001 -18"><span class='ocrx_word' id='word_1_206' title='bbox 129 2439 335 2504; x_wconf 82' lang='grc' dir='ltr'><strong><em>ἔρωτος</em></strong></span> <span class='ocrx_word' id='word_1_207' title='bbox 360 2437 734 2508; x_wconf 88' lang='grc' dir='ltr'><strong><em>μνημονεύοι,</em></strong></span> <span class='ocrx_word' id='word_1_208' title='bbox 774 2441 857 2501; x_wconf 91' lang='grc' dir='ltr'><strong><em>τίς</em></strong></span> <span class='ocrx_word' id='word_1_209' title='bbox 883 2436 1061 2502; x_wconf 82' lang='grc' dir='ltr'><strong><em>οὕτως</em></strong></span> <span class='ocrx_word' id='word_1_210' title='bbox 1087 2437 1465 2507; x_wconf 79' lang='grc' dir='ltr'><strong><em>ἀδαμάντινος</em></strong></span> <span class='ocrx_word' id='word_1_211' title='bbox 1490 2433 1526 2506; x_wconf 82' lang='grc' dir='ltr'><em>ἢ</em></span> <span class='ocrx_word' id='word_1_212' title='bbox 1565 2438 1834 2506; x_wconf 85' lang='grc' dir='ltr'><strong><em>σιδηροῦς</em></strong></span> 
     </span>
     <span class='ocr_line' id='line_1_29' title="bbox 127 2519 1829 2592; baseline -0.001 -16"><span class='ocrx_word' id='word_1_213' title='bbox 127 2519 231 2591; x_wconf 83' lang='grc' dir='ltr'><strong><em>τὴν</em></strong></span> <span class='ocrx_word' id='word_1_214' title='bbox 258 2523 499 2590; x_wconf 89' lang='grc' dir='ltr'><strong><em>καρδίαν</em></strong></span> <span class='ocrx_word' id='word_1_215' title='bbox 525 2520 600 2586; x_wconf 74' lang='grc' dir='ltr'><strong><em>ὥς</em></strong></span> <span class='ocrx_word' id='word_1_216' title='bbox 623 2520 696 2592; x_wconf 86' lang='grc' dir='ltr'><strong><em>μὴ</em></strong></span> <span class='ocrx_word' id='word_1_217' title='bbox 724 2525 1034 2591; x_wconf 85' lang='grc' dir='ltr'><strong><em>θέλγεσθαι</em></strong></span> <span class='ocrx_word' id='word_1_218' title='bbox 1060 2525 1156 2577; x_wconf 82' lang='grc' dir='ltr'><strong><em>καὶ</em></strong></span> <span class='ocrx_word' id='word_1_219' title='bbox 1176 2524 1252 2585; x_wconf 86' lang='grc' dir='ltr'><strong><em>είς</em></strong></span> <span class='ocrx_word' id='word_1_220' title='bbox 1280 2520 1545 2575; x_wconf 82' lang='grc' dir='ltr'><strong><em>ἐνιαυτὸν</em></strong></span> <span class='ocrx_word' id='word_1_221' title='bbox 1575 2520 1829 2585; x_wconf 84' lang='grc' dir='ltr'><strong><em>ἀκούων;</em></strong></span> 
     </span>
     <span class='ocr_line' id='line_1_30' title="bbox 130 2605 769 2677; baseline 0.005 -18"><span class='ocrx_word' id='word_1_222' title='bbox 130 2605 279 2660; x_wconf 65' lang='grc' dir='ltr'><strong><em>ὥστε</em></strong></span> <span class='ocrx_word' id='word_1_223' title='bbox 311 2609 442 2675; x_wconf 86' lang='grc' dir='ltr'><strong><em>ἔχου</em></strong></span> <span class='ocrx_word' id='word_1_224' title='bbox 479 2612 594 2661; x_wconf 77' lang='grc' dir='ltr'><strong><em>τῶν</em></strong></span> <span class='ocrx_word' id='word_1_225' title='bbox 634 2608 769 2677; x_wconf 81' lang='grc' dir='ltr'><strong><em>ἑξῆς.</em></strong></span> 
     </span>
    </p>

    <p class='ocr_par' dir='ltr' id='par_1_11' title="bbox 57 2686 1832 2937">
     <span class='ocr_line' id='line_1_31' title="bbox 57 2686 1832 2762; baseline -0.001 -19"><span class='ocrx_word' id='word_1_226' title='bbox 57 2704 100 2739; x_wconf 79' lang='grc'><strong><em>30</em></strong></span> <span class='ocrx_word' id='word_1_227' title='bbox 240 2687 269 2743; x_wconf 92' lang='lat'><em>6</em></span> <span class='ocrx_word' id='word_1_228' title='bbox 294 2691 398 2760; x_wconf 79' lang='grc' dir='ltr'><strong><em>μὲν</em></strong></span> <span class='ocrx_word' id='word_1_229' title='bbox 425 2694 707 2762; x_wconf 52' lang='grc' dir='ltr'><strong><em>ῥεᾳγένης</em></strong></span> <span class='ocrx_word' id='word_1_230' title='bbox 743 2686 787 2746; x_wconf 70' lang='grc' dir='ltr'><em>ὦ</em></span> <span class='ocrx_word' id='word_1_231' title='bbox 813 2692 1062 2762; x_wconf 89' lang='grc' dir='ltr'><strong><em>Κνήμων</em></strong></span> <span class='ocrx_word' id='word_1_232' title='bbox 1097 2693 1483 2760; x_wconf 87' lang='grc' dir='ltr'><strong><em>ἐστεφανοῦτο</em></strong></span> <span class='ocrx_word' id='word_1_233' title='bbox 1519 2693 1611 2744; x_wconf 84' lang='grc' dir='ltr'><strong><em>καὶ</em></strong></span> <span class='ocrx_word' id='word_1_234' title='bbox 1653 2694 1832 2743; x_wconf 73' lang='grc' dir='ltr'><strong><em>νικῶν</em></strong></span> 
     </span>
     <span class='ocr_line' id='line_1_32' title="bbox 129 2772 1829 2846; baseline -0.001 -19"><span class='ocrx_word' id='word_1_235' title='bbox 129 2772 528 2843; x_wconf 83' lang='grc' dir='ltr'><strong><em>ἀνηγορεύετο,</em></strong></span> <span class='ocrx_word' id='word_1_236' title='bbox 558 2777 650 2830; x_wconf 84' lang='grc' dir='ltr'><strong><em>καὶ</em></strong></span> <span class='ocrx_word' id='word_1_237' title='bbox 676 2778 1068 2846; x_wconf 87' lang='grc' dir='ltr'><strong><em>παρεπέμπετο</em></strong></span> <span class='ocrx_word' id='word_1_238' title='bbox 1094 2775 1206 2830; x_wconf 81' lang='grc' dir='ltr'><strong><em>ὑπο</em></strong></span> <span class='ocrx_word' id='word_1_239' title='bbox 1236 2785 1355 2839; x_wconf 78' lang='grc' dir='ltr'><strong><em>ταῖς</em></strong></span> <span class='ocrx_word' id='word_1_240' title='bbox 1383 2778 1617 2828; x_wconf 83' lang='grc' dir='ltr'><strong><em>πάντων</em></strong></span> <span class='ocrx_word' id='word_1_241' title='bbox 1645 2772 1829 2842; x_wconf 81' lang='grc' dir='ltr'><strong><em>εὐφη-</em></strong></span> 
     </span>
     <span class='ocr_line' id='line_1_33' title="bbox 127 2857 1831 2937; baseline -0.002 -25"><span class='ocrx_word' id='word_1_242' title='bbox 127 2863 303 2927; x_wconf 79' lang='grc' dir='ltr'><strong><em>μίαις·</em></strong></span> <span class='ocrx_word' id='word_1_243' title='bbox 344 2857 378 2929; x_wconf 82' lang='grc' dir='ltr'><em>ἡ</em></span> <span class='ocrx_word' id='word_1_244' title='bbox 406 2864 712 2937; x_wconf 60' lang='grc' dir='ltr'><strong><em>ξαρίκλεια</em></strong></span> <span class='ocrx_word' id='word_1_245' title='bbox 738 2862 801 2916; x_wconf 79' lang='grc' dir='ltr'><strong><em>δὲ</em></strong></span> <span class='ocrx_word' id='word_1_246' title='bbox 825 2860 1029 2930; x_wconf 81' lang='grc' dir='ltr'><strong><em>ἥττητο</em></strong></span> <span class='ocrx_word' id='word_1_247' title='bbox 1057 2863 1351 2930; x_wconf 74' lang='grc' dir='ltr'><strong><em>λαμπρῶς,</em></strong></span> <span class='ocrx_word' id='word_1_248' title='bbox 1390 2857 1482 2912; x_wconf 84' lang='grc' dir='ltr'><strong><em>καὶ</em></strong></span> <span class='ocrx_word' id='word_1_249' title='bbox 1509 2859 1831 2911; x_wconf 83' lang='grc' dir='ltr'><strong><em>δεδούλωτο</em></strong></span> 
     </span>
    </p>

    <p class='ocr_par' dir='ltr' id='par_1_12' title="bbox 1422 2945 1496 3022">
     <span class='ocr_line' id='line_1_34' title="bbox 1422 2945 1492 2996; baseline 0 -20"><span class='ocrx_word' id='word_1_250' title='bbox 1422 2945 1492 2996; x_wconf 73' lang='lat'><strong><em>7*</em></strong></span> 
     </span>
     <span class='ocr_line' id='line_1_35' title="bbox 1463 2997 1496 3022; baseline 0 0"><span class='ocrx_word' id='word_1_251' title='bbox 1463 2997 1496 3022; x_wconf 61' lang='lat' dir='ltr'>Q</span> 
     </span>
    </p>
   </div>
  </div>
 </body>
</html>
