1916 3132
736 108 1113 156 TETAPTON
1704 102 1772 155 97

71 247 342 319 βεύοντος
355 245 623 312 Ἔρωτος,
652 245 746 297 καὶ
773 242 846 298 δι’
878 243 1146 314 ἀθλητῶν
1171 243 1276 296 δύο
1303 243 1525 297 τούτων
1550 243 1643 295 καὶ
1670 244 1770 309 μό-

73 353 194 387 νων
219 329 320 395 οὓς
347 330 632 398 ἐζεύξατο,
671 327 935 398 μέγιστον
969 328 1209 398 ἀγώνων
1235 326 1338 383 τὸν
1373 329 1521 381 ἴδιον
1547 324 1774 395 ἀποφῆο

8 455 9 458 =
73 437 168 471 ναι
194 413 711 486 φιλονεικήσαντος.
752 417 967 482 γίνεται
993 417 1101 483 γάρ
1129 435 1182 468 τι
1206 418 1483 469 τοιοῦτον.
1537 410 1774 479 ἐθεῶρει

73 499 236 572 μὲνὴ
269 497 487 568 Ἑλλάς,
523 498 885 568 ἠθλοθέτουν
921 500 981 553 δὲ
1018 498 1511 570 οἰἈμφικτύονες.
1582 494 1772 564 ἐπειδὴ

23 606 44 638 ⁵
73 588 274 640 τοίνυν
292 584 359 638 τὰ
379 582 520 638 ἄλλα
539 586 978 653 μεγαλοπρεπῶς
999 585 1331 652 ἐτετέλεστο,
1360 582 1588 652 δρόμων
1611 579 1774 651 ἅμιλ-

74 673 164 724 λαι
193 667 284 723 καὶ
313 669 492 738 πάλης
517 667 837 738 συμπλοκαὶ
863 671 957 722 καὶ
982 673 1207 739 πυγμῆς
1231 670 1584 738 χειρονομία,
1622 668 1777 729 τέλος

77 752 107 810 ὁ
131 755 238 824 μὲν
264 753 440 824 κῆρυξ
480 754 578 806 “οί
600 751 823 806 ὁπλῖται
849 754 1215 820 παριόντων”
1253 752 1585 823 ἀνεβόησεν,
1623 749 1653 821 ἡ
1684 751 1777 816 ζά-

75 859 244 907 κορος
282 840 343 892 δὲ
381 836 415 909 ἡ
454 841 762 907 Χαρίκλεια
800 836 923 891 κατ’
965 837 1143 907 ἄκρον
1181 836 1244 893 τὸ
1284 838 1520 892 στάδιον
1559 834 1778 904 ἀθρόον

78 925 414 994 ἐξέλαμψεν,
462 923 742 992 ἀφιγμένη
781 922 874 976 καὶ
913 922 1132 977 ἄκουσα
1179 922 1271 986 διὰ
1318 920 1382 976 τὸ
1422 926 1691 990 πάτριον,
1743 918 1779 990 ἢ

9 1029 48 1063 10
79 1010 272 1077 πλέον,
312 1008 435 1076 ἐμοὶ
473 1009 683 1074 δοκεῖν,
725 1005 972 1071 ὄψεσθαί
1005 1027 1117 1062 που
1155 1007 1255 1062 τὸν
1292 1009 1580 1077 Θεαγένην
1619 1010 1780 1062 ε’λπί-

79 1098 279 1162 ζουσα,
319 1097 386 1163 τῇ
427 1095 555 1163 λαιᾷ
592 1093 696 1160 μὲν
736 1091 1778 1164 ἡμμένον“’πυρφοροῦσα’λαμπάδιον,

77 1176 293 1249 θατέρᾳ
319 1178 381 1230 δὲ
408 1180 666 1246 φοίνικος
693 1179 854 1244 ἔρνος
891 1178 1338 1247 προβεβλημένη.
1406 1178 1499 1230 καὶ
1535 1187 1778 1247 φανεῖσα

80 1267 194 1317 πᾶν
232 1265 336 1332 μὲν
375 1259 437 1316 τὸ
473 1263 720 1328 θέατρον
759 1260 851 1331 ἐφ’
881 1261 1088 1331 ἑαυτὴν
1125 1262 1487 1332 ἐπέστρεψεν,
1527 1265 1678 1332 ἔφθη
1702 1255 1779 1316 ’δὲ

79 1351 215 1418 τάχα
244 1346 430 1410 οὐδεὶς
455 1344 554 1400 τὸν
583 1348 900 1416 Θεαγένους
921 1343 1247 1416 ὀφθαλμόν·
1290 1345 1419 1413 ὀξύς
1438 1349 1552 1416 γὰρ
1581 1344 1610 1400 ὁ
1637 1348 1783 1417 ἐρῶν

11 1452 52 1485 15
84 1435 228 1504 ἰδεῖν
267 1431 328 1486 τὸ
368 1433 750 1500 ποθούμενον.
812 1433 1028 1494 ἐκεῖνος
1063 1434 1125 1485 δὲ
1160 1431 1266 1502 ἄρα
1292 1434 1386 1486 καὶ
1411 1432 1782 1502 προακηκοὼς

82 1519 144 1572 τό
176 1518 470 1586 ἐσόμενον,
510 1517 651 1582 πρὸς
675 1518 812 1585 μίαν
837 1515 938 1569 τὸν
963 1521 1106 1569 νοῦν
1131 1515 1360 1586 ἠσχόλει
1386 1516 1491 1586 τήν
1512 1519 1781 1586 παρατη-

85 1617 269 1672 mmm.
348 1599 490 1654 ῶστε
539 1597 673 1652 οὐδὲ
725 1588 946 1654 σιωπᾶν
995 1587 1406 1671 ἐκαρτέρησεν,
1440 1601 1565 1655 ἀλλ’
1604 1602 1784 1672 η’ρέμα

84 1686 226 1753 πρός
270 1705 337 1755 με
386 1687 663 1754 (καθῆστο
711 1686 776 1738 δέ
822 1706 933 1755 μου
981 1689 1224 1755 πλησίον
1264 1687 1602 1757 ἐξεπίτηδες)
1642 1688 1783 1757 αὕτη

87 1772 303 1841 ἐκείνη,
346 1773 480 1839 ἔφη,
521 1772 843 1837 Χαρίκλεια.

13 1874 56 1907 20
193 1856 286 1909 καὶ
311 1858 389 1925 τῷ
413 1855 518 1923 μὲν
543 1853 772 1925 ἠρεμεῖν
801 1855 1120 1923 ἐπέταττον,
1161 1854 1303 1924 πρὸς
1340 1858 1402 1910 δὲ
1441 1857 1542 1926 τήν
1579 1861 1783 1926 κλῆσιν
1802 1857 1836 1908 2

86 1944 188 1995 τοῦ
215 1941 460 2008 κήρυκος
486 1938 690 2010 παρῄει
716 1960 800 2004 τις
833 1937 1119 2001 εὐσταλῶς
1145 1939 1523 2011 ῶπλισμένος,
1559 1943 1700 2011 μέγα
1727 1962 1787 1995 τε

88 2029 323 2092 φρονῶν
344 2026 438 2078 καὶ
458 2025 629 2094 μόνος
651 2026 923 2091 ἐπίδοξος,
953 2022 1026 2088 ῶς
1048 2026 1263 2094 ἐδόκει,
1294 2028 1382 2079 καὶ
1404 2025 1652 2090 πολλοὺς
1675 2025 1786 2097 ἤδη

86 2109 367 2177 πρότερον
393 2108 615 2177 ἀγῶνας
650 2107 1104 2179 ἀναδησάμενος,
1145 2111 1269 2164 τότε
1303 2112 1366 2163 δὲ
1400 2110 1500 2164 τὸν
1527 2110 1789 2180 ἀνταγω-

87 2193 393 2263 νιούμενον
420 2192 525 2246 οὐκ
552 2197 721 2262 ἔχων,
751 2193 1011 2263 οὐδενός,
1041 2192 1225 2263 οἶμαι,
1262 2197 1661 2267 θαρρήσαντος
1684 2196 1788 2266 τὴν

17 2295 59 2331 25
89 2277 348 2347 ἅμιλλαν.
426 2277 754 2348 ἀπέπεμπον
791 2270 897 2332 οὖν
934 2277 1111 2333 αὐτὸν
1149 2281 1209 2334 οἱ
1235 2279 1666 2351 Ἀμφικτύονες·
1721 2279 1789 2334 οὐ

87 2361 195 2431 γὰρ
225 2363 546 2431 ἐπιτρέπειν
582 2363 682 2417 τὸν
720 2363 899 2433 νόμον
937 2363 1043 2418 οὐκ
1071 2362 1476 2436 ἀγωνισαμένῳ
1505 2367 1790 2435 στέφανον

91 2445 475 2516 ἀποκληροῦν.
541 2443 572 2500 ὃ
598 2449 658 2501 δὲ
685 2453 986 2502 καλεῖσθαι
1019 2447 1122 2503 τὸν
1158 2450 1516 2519 βουλόμενον
1543 2449 1654 2504 ὑπὸ
1687 2452 1791 2502 τοῦ

91 2530 339 2600 κήρυκος
377 2533 454 2595 εἰς
490 2531 593 2602 τὴν
619 2532 872 2601 ἀγωνίαν
897 2532 1074 2602 ἠξίου.
1133 2537 1437 2589 ἐπέττατον
1462 2536 1521 2588 οἱ
1542 2533 1791 2588 ἀθλοθέ-

92 2635 210 2682 ται,
250 2614 345 2669 καὶ
370 2614 602 2670 ἀνεῖπεν
641 2615 670 2670 ὁ
707 2619 884 2687 κῆρυξ
910 2618 1072 2688 ἥκειν
1097 2618 1200 2672 τὸν
1228 2621 1695 2688 ἐπελευσόμενον.
1762 2616 1790 2671 ὁ

19 2716 64 2753 30
94 2701 155 2754 δὲ
185 2702 466 2771 Θεαγένης
493 2693 698 2763 τεοὗτος
727 2703 823 2771 ἐμὲ
858 2707 1068 2756 καλεῖ”
1097 2703 1240 2771 πρός
1274 2723 1343 2772 με
1378 2707 1608 2772 ἔφησεν,
1651 2703 1791 2770 ἐμοῦ

95 2781 163 2838 δέ
184 2787 341 2847 “nafis
356 2788 523 2838 τοῦτο
544 2786 764 2854 λέγεις”
793 2787 1065 2856 εἰπόντος,
1096 2786 1293 2855 οὕτως,
1325 2784 1499 2854 εἶπεν,
1522 2786 1597 2849 ῶς
1618 2789 1790 2852 ἔσται,

94 2860 140 2921 ῶ
167 2869 367 2937 πάτερ·
419 2868 490 2924 οὐ
515 2871 623 2939 γάρ
650 2891 732 2934 τις
759 2871 895 2941 ἐμοῦ
918 2871 1201 2942 παρόντος
1219 2872 1311 2924 καὶ
1339 2871 1588 2940 ὁρῶντος
1607 2869 1795 2935 ἕτερος

180 2973 395 3007 ammon.
1422 2963 1450 3007 7
1478 2996 1510 3022 ,
