1916 3132
15 9 44 55 ‘s
65 9 100 64 σν
132 39 174 61 2-
204 37 276 59 W>-
297 0 663 79 tLssss'f*”7s4avs⁴

81 44 97 91 J

103 829 177 882 26

197 100 304 151 212
873 105 1230 154 ΕΒΔΟΜΟΝ

199 240 482 309 φήμησον,
524 242 655 309 ἔφη·
695 238 767 309 μὴ
796 239 901 309 γὰρ
929 240 1164 311 οὕτωςὴ
1196 244 1460 311 δαίμονος
1485 247 1588 297 τοῦ
1611 241 1887 313 ἡμετέρου

196 325 446 394 βαρύτης
484 326 765 392 ι’σχύσειεν
804 323 938 379 ὥστ’
968 320 1199 400 έμὲ<τόν
1224 330 1558 396 Χαρικλείας
1583 325 1888 397 ἀπείρατον

194 406 369 477 άλλης
407 407 594 480 ὁμιλία
632 410 969 480 παρανόμως
1006 414 1330 481 μιανθῆναι.
1393 410 1534 465 ἀλλά
1566 432 1619 466 τι
1643 414 1886 483 δραστη-

197 512 322 561 ριον
361 492 783 563 ἐπινενοηκέναι
819 515 913 563 μοι
952 497 1126 548 δοκῶ·
1177 493 1449 564 εὑρετὶς’
1427 495 1535 566 άρα
1575 496 1694 567 ἐστὶ
1712 500 1883 581 ἐργί-

197 581 359 646 σμ-ων
382 576 415 646 ἡ
444 576 678 648 ἀνάγκη.
745 578 839 632 καὶ
875 578 985 648 άμα
1012 580 1151 648 πρὸς
1174 577 1278 649 τὴν
1304 581 1567 650 Κυβέλην
1592 582 1884 651 μεταστάς,

195 659 529 730 ἀπάγγελλε,
570 659 707 731 εἷπε,
748 666 816 733 τῇ
859 666 1127 735 δεσποίνῃ
1162 662 1480 733 βούλεσθαί
1509 686 1576 734 με
1611 664 1757 736 μόνῃ
1793 666 1888 719 καὶ

203 747 318 799 ἰδία
354 766 469 799 των
507 745 697 800 ἄλλων
738 750 1008 816 ἐντυχεῖν.

301 829 456 884 τοῦτ’
480 810 984 912 έκεῖνοβνομίσασα
1012 830 1155 899 εἶναι
1188 832 1221 903 ή
1261 839 1582 904 πρεσβῦτις,
1623 836 1717 887 καὶ
1742 832 1887 888 ὑπο-

193 917 544 969 πεπτωκέναι
571 915 671 968 τὸν
671 910 1021 986 Θεαγένην,
1045 916 1350 987 ἀπήγγειλέ
1383 939 1440 972 τε
1475 919 1613 988 πρὸς
1637 917 1741 988 τὴν
1761 917 1886 988 Ἀρ-

194 1000 396 1070 σάκην,
437 1001 530 1052 καὶ
555 1020 692 1069 μετα
730 1002 963 1054 δεῖπνον
1002 1001 1163 1069 άγειν
1201 1001 1300 1056 τὸν
1335 1006 1569 1056 νεανίαν
1595 1003 1916 1057 ἀκούσασαι

193 1082 371 1146 οὕτως
409 1087 659 1154 ἔπραττε.
738 1085 830 1138 καὶ
874 1084 1115 1154 ἡσυχίαν
1166 1097 1475 1155 παρασχεῖν
1511 1091 1580 1158 τῇ
1617 1089 1886 1158 δεσποίνῃ

191 1167 325 1231 τοὺς
345 1170 800 1238 παρεδρεύοντας
823 1172 1154 1239 κελεύσασα,
1177 1171 1270 1224 καὶ
1288 1171 1360 1241 μὴ
1385 1176 1753 1240 παρενοχλεῖν
1772 1180 1888 1234 τοῖς

192 1251 322 1321 περὶ
360 1250 459 1306 τὸν
493 1254 793 1321 θάλαμον,
815 1260 1122 1323 παρεισῆγε
1160 1255 1261 1309 τὸν
1290 1258 1593 1326 Θεαγένην,
1631 1259 1746 1310 τῶν
1782 1257 1887 1325 μὲν

191 1336 382 1412 ἄλλων
410 1331 499 1390 οἶα
530 1336 597 1407 δὴ
626 1335 832 1401 νυκτὸς
857 1335 967 1391 ὑπὸ
993 1339 1229 1403 σκότους
1255 1342 1642 1410 κατεχομένων
1666 1340 1760 1393 καὶ
1785 1343 1885 1393 λα-

190 1427 320 1475 θεῖν
357 1426 741 1491 παρεχόντων,
782 1422 959 1491 μόνον
998 1425 1059 1477 δὲ
1084 1422 1183 1477 τὸν
1221 1423 1480 1494 θάλαμον
1507 1424 1718 1494 λύχνου
1744 1439 1916 1478 κατ-1

192 1498 543 1573 αυγάζοντος.
608 1505 701 1559 καὶ
742 1499 1443 1609 εἰσάγουσαῖὑπέστελλεν
1462 1509 1686 1579 ἑαυτήν
1758 1507 1882 1563 ἀλλ’

193 1587 222 1642 6
251 1592 530 1660 Θεαγένης
563 1592 786 1694 fueras,
792 1591 1067 1659 παρέστω
1105 1594 1197 1646 καὶ
1231 1590 1262 1662 ἡ
1291 1596 1515 1663 Κυβέλη
1541 1591 1604 1646 τὸ
1630 1591 1812 1663 παρὸν
1837 1613 1880 1647 ω

194 1670 503 1741 δέσποιναξ
505 1676 720 1727 εἰπών·
736 1672 891 1728 ὀἶδα
929 1698 1002 1739 ως
1037 1673 1098 1729 τὸ
1125 1679 1374 1734 πιστὸν
1353 1681 1462 1746 ε’χει
1488 1682 1746 1748 φυλακῆς
1769 1697 1883 1732 των

193 1756 577 1826 ἀπορρήτων.”
605 1759 697 1811 καὶ
724 1757 836 1827 ἅμα
864 1762 976 1812 τῶν
1001 1765 1204 1828 χειρῶν
1230 1767 1327 1831 τῆς
1348 1759 1616 1831 Ἀρσάκης
1642 1762 1883 1832 λαβόμε-

192 1861 329 1908 νος,
314 1832 378 1893 ὦ
407 1842 703 1910 δέσποινα,
741 1845 968 1911 ελεγεν,
987 1843 1117 1897 οὔτε
1154 1849 1433 1915 πρότερον
1457 1846 1916 1912 ἀπαυθαδιαζό-Ξ

191 1945 359 1994 μενος
384 1925 524 1993 πρὸς
549 1925 610 1978 τὸ
632 1925 888 2027 βούλημα
910 1927 973 1981 τὸ
1001 1929 1104 1981 σὸν
1117 1927 1475 2032 ὑπερεθέμην
1495 1931 1558 1982 τὸ
1579 1931 1882 2025 κελευόμε-

192 2029 316 2078 νον,
356 2008 477 2062 ἀλλ’
510 2009 656 2071 ὅπως
694 2009 766 2063 ἀν
802 2011 1091 2081 ἀσφαλῶς
1107 2015 1324 2081 γένοιτο
1362 1995 1878 2082 πρυτανευόμενος·

191 2097 302 2148 νῦν
341 2113 419 2162 τε,
462 2094 654 2163 ἐπειδή
693 2115 760 2163 με
799 2097 891 2148 καὶ
930 2100 1139 2151 δοῦλον
1175 2099 1311 2166 τάχα
1350 2102 1535 2161 καλως
1571 2099 1809 2152 ποιοῦσα
1843 2097 1916 2168 ἡ

192 2177 328 2246 τύχη
369 2193 471 2230 σον
510 2177 785 2249 ἀπέφηνε,
826 2179 970 2233 πολὺ
1009 2183 1181 2235 πλέον
1221 2185 1297 2243 εἰς
1334 2184 1518 2235 πάντα
1545 2182 1762 2252 ἕτοιμος
1799 2188 1878 2237 εί-

194 2281 330 2315 κειν.
395 2263 457 2315 ἕν
482 2282 576 2330 μοι
602 2263 779 2331 μόνον
805 2268 1192 2335 παρασχέσθαι
1218 2270 1442 2332 νεῦσον,
1471 2270 1572 2320 καί
1589 2286 1672 2319 τοι
1699 2269 1916 2323 noum

195 2345 287 2398 καὶ
313 2346 527 2413 μεγάλα
567 2344 938 2418 ὑποσχομένη.
1001 2350 1204 2404 ἄπειπε
1241 2349 1338 2403 τὸν
1375 2351 1557 2418 γάμον
1577 2350 1902 2420 Ἀχαιμένειῇ

195 2431 295 2482 τὸν
321 2433 677 2498 Χαρικλείας·
718 2437 832 2485 τῶν
857 2433 966 2501 γὰρ
994 2432 1180 2487 ἄλλων
1206 2437 1603 2503 σιωπωμένων,
1642 2432 1746 2503 τὴν
1785 2433 1882 2488 εὐ-
1911 2435 1913 2438 ⁴

195 2518 385 2584 γενείᾳ
413 2518 482 2583 τῇ
512 2519 741 2585 μεγίστη
769 2521 1032 2586 κομώσαν
1058 2498 1658 2586 οἰκότριβιβσυνοικεῖνί
1677 2517 1879 2588 ἀθέμι-

195 2617 312 2651 τον.
365 2578 715 2668 ἢιῙέπόμνυμί
736 2614 824 2654 σοι
849 2604 1004 2654 θεῶν
1029 2598 1126 2654 τὸν
1152 2603 1451 2655 κάλλιστον
1476 2602 1639 2671 ἥλιον
1664 2601 1758 2655 καὶ
1775 2608 1902 2657 θε-

198 2679 295 2744 οὑς
320 2682 452 2744 τοὺς
478 2680 682 2745 άλλους
707 2705 782 2746 ως
803 2682 931 2737 ούτε
957 2684 1161 2749 ὑπείξω
1196 2689 1271 2738 τῶ
1307 2689 1387 2738 σω
1419 2685 1748 2755 βουλήματι,
1786 2685 1916 2742 καὶ*

200 2767 251 2818 εί
284 2765 502 2833 γένοιτό
539 2787 592 2820 τι
625 2767 764 2836 πρὸς
799 2772 931 2836 βίαν
959 2771 1035 2831 είς
1059 2769 1163 2838 τήν
1188 2773 1547 2839 Χαρίκλειαν,
1589 2771 1788 2860 έπόψει
1811 2790 1906 2840 μεε,

200 2851 476 2919 πρότερον
517 2852 764 2921 ἐμαυτὸν
802 2851 1315 2923 διαχρησάμενονΜ
1304 2853 1421 2906 καὶ
1445 2852 1477 2921 ἡ
1511 2834 1788 2923 Ἀρσάκη,
1805 2852 1906 2961 μὴῖ
