1916 3132
771 139 1142 188 ΠΕΜΠΤΟΝ
1706 137 1806 191 123

15 263 23 341 ⁴}
105 276 181 330 δι’
202 274 430 346 ἡλικίαν
455 276 812 345 νωθρότερος
837 271 918 329 α’)’ν
943 274 1047 346 τὴν
1073 274 1252 345 ἀκοήν
1274 276 1464 344 (νόσος
1483 274 1591 344 γὰρ
1613 275 1804 330 ἄλλων

16 397 20 420 ;
106 382 165 416 τε
191 361 285 415 καὶ
311 360 471 415 ὤτων
497 359 558 414 τὸ
585 365 802 430 γῆρας),
841 365 975 424 ἴσως
1010 361 1071 415 δὲ
1106 360 1199 414 καὶ
1237 360 1380 425 πρὸς
1413 357 1520 429 τὴν
1546 360 1806 430 διήγησιν

106 445 505 516 ἠσχολημένος·
536 448 684 499 ἔοικε
711 446 778 498 δέ
797 466 886 514 μοι
910 448 1240 514 ῌΨ-σικλῆς
1264 445 1427 514 ἥκειν
1455 441 1483 497 6
1508 449 1607 513 τῆς
1626 447 1808 507 οἰκίας

111 530 400 600 δεσπότης,
428 528 570 583 ἀλλὰ
595 533 652 582 τί
674 528 781 596 ἄρα
809 530 942 583 ποτὲ
968 523 1014 582 οῗ
1041 528 1168 583 θεοὶ
1195 530 1709 600 διαπεπραγμένος;

213 613 433 668 ἅπαντα
481 611 554 677 ὠς
605 614 944 684 ἐβουλόμην,
995 617 1102 683 ἔφη
1151 612 1180 667 6
1220 617 1551 684 Ναυσικλῆς
1589 613 1807 683 ἀθρόον

108 697 296 761 αὐτοῖς
323 700 631 768 ἐπιφανείς.
672 696 740 752 οὐ
766 700 873 766 γάρ
901 717 968 766 με
996 700 1218 766 ἔλαθες,
1247 689 1291 751 ὦ
1321 697 1483 767 ’γαθὲ
1505 701 1805 767 Καλάσιρι,

107 786 421 852 φροντίζων
446 782 543 845 τοὶς
565 780 700 852 ἐμὰς
726 784 953 851 πράξεις
978 783 1071 836 καὶ
1098 781 1287 852 ὥσπερ
1314 787 1383 853 τῇ
1411 785 1634 854 διανοίᾳ
1661 800 1804 836 συν-

107 869 384 938 εκδημῶν,
424 866 566 921 ἀλλά
605 882 668 920 σε
709 868 978 937 ἐφώρασα
1016 870 1092 938 τῷ
1131 887 1191 920 τε
1229 866 1382 938 ἄλλω
1422 883 1527 922 σου
1554 867 1681 936 περὶ
1710 867 1805 935 ἐμὲ

103 955 292 1023 τρόπῳ
319 952 412 1006 καὶ
438 946 523 1015 οἷς
544 954 794 1006 ἐνταῦθα
822 950 1015 1005 εἰσιών
1041 956 1352 1021 κατείληφα
1379 954 1802 1023 διαλεγόμενον,

0 1039 73 1089 3=1o
104 1035 246 1090 ἀλλὰ
270 1040 353 1099 τίς
378 1035 474 1090 ὅδε
510 1034 539 1090 6
575 1039 754 1101 ξένος;
782 1035 1011 1106 “’Ἐλλην,
1052 1039 1160 1106 ε”φη
1200 1034 1229 1090 6
1266 1040 1603 1106 Καλάσιρις·
1644 1034 1711 1090 τά
1750 1037 1797 1091 δ’

106 1121 248 1174 ἄλλα
288 1122 544 1183 εἰσαῦθις
582 1119 815 1191 ἀκούσῃ.
890 1118 962 1175 σὺ
1003 1122 1088 1190 δέ,
1131 1127 1186 1175 εἴ
1216 1124 1275 1175 τί
1307 1136 1396 1175 σοι
1434 1121 1806 1190 κατώρθωται

106 1205 311 1273 δεξιόν,
352 1204 665 1274 ἀπάγγελλε
703 1208 934 1273 θᾶττον,
976 1204 1050 1269 ὠς
1076 1201 1148 1259 ἀν
1184 1210 1286 1259 τοῦ
1325 1209 1542 1275 χαίρειν
1579 1206 1631 1275 γ’
1663 1210 1809 1276 ἔχοις

0 1342 1 1345 ,
105 1294 540 1353 κοινωνοῦντας.
599 1287 737 1342 ἀλλά
769 1288 862 1342 καὶ
887 1287 1071 1358 ὑμεῖς,
1102 1286 1257 1343 εἶπεν
1285 1289 1314 1344 6
1342 1295 1701 1364 Ναυσικλῆς,
1731 1293 1810 1355 είς

2 1409 7 1469 5
105 1374 178 1428 ἕω
205 1375 560 1444 μαθήσεσθε·
600 1372 662 1426 τὸ
690 1375 751 1428 δὲ
778 1377 964 1441 παρὸν
990 1373 1146 1443 ὑμῖν,
1186 1373 1270 1428 ὅτι
1297 1378 1560 1443 βελτίονα
1591 1378 1808 1445 Θίσβην

37 1477 78 1511 15
111 1455 446 1528 ἐκτησάμην,
496 1457 711 1527 ἀπόχρη
760 1465 992 1527 μαθεῖν·
1052 1458 1174 1527 ἐμοὶ
1223 1459 1330 1527 γάρ
1356 1459 1477 1541 τήν
1510 1480 1568 1513 τε
1609 1459 1671 1512 ἐκ
1709 1465 1807 1529 τῆς

0 1551 8 1622 j
107 1541 432 1610 ὁδοιπορίας
469 1543 562 1596 καὶ
599 1546 712 1596 τῶν
751 1541 937 1596 ἄλλων
975 1545 1302 1614 φροντίδων
1351 1546 1606 1598 κάκωσιν
1643 1542 1806 1615 ὕπνῳ

111 1630 311 1698 βραχεῖ
342 1631 486 1696 γοῦν
526 1628 643 1682 ἐστὶ
682 1629 1137 1697 παραμυθητέον.

0 1708 6 1781 '3
214 1711 245 1764 ὃ
270 1713 374 1781 μὲν
399 1715 573 1765 ταῦτα
602 1711 776 1765 εἰπών
802 1711 1124 1782 ἀπέτρεχεν,
1166 1711 1240 1776 ὥς
1276 1714 1487 1782 εἰρήκει
1524 1715 1802 1783 ποιήσων·
1834 1715 1868 1768 2

108 1795 137 1850 6
162 1798 224 1851 δὲ
248 1796 496 1866 Κνήμων
521 1790 658 1859 αὖος
682 1796 930 1865 ἐγεγόνει
957 1797 1098 1867 πρὸς
1124 1798 1227 1867 τὴν
1254 1796 1434 1869 ἀκοὴν
1459 1802 1557 1868 τῆς
1576 1802 1806 1869 Θίσβης,

37 1899 76 1932 20
108 1882 217 1936 ὑπό
251 1902 311 1935 τε
344 1880 650 1950 ἀμηχανίας
686 1884 874 1935 πᾶσαν
901 1884 1130 1935 ἔννοιαν
1158 1883 1449 1954 διαπορῶν
1474 1882 1806 1954 ἀνέστρεφε,

108 1967 258 2036 βαρύ
278 1986 336 2019 τε
355 1966 448 2019 καὶ
469 1966 700 2034 συνεχὲς
722 1965 1030 2019 ἐπιστένων
1051 1964 1114 2019 τὸ
1136 1968 1471 2038 λειπόμενον
1494 1969 1808 2022 ἐταλαιπώ-

110 2071 191 2118 ρει
219 2054 317 2119 τῆς
342 2049 572 2117 νυκτός,
602 2048 745 2104 ὥστε
772 2049 907 2104 οὐδὲ
934 2050 1034 2104 τόν
1059 2053 1378 2121 Καλάσιριν
1406 2052 1690 2107 ἐλάνθανε
1717 2072 1808 2106 τε-

112 2139 347 2203 λευτῶν,
399 2134 561 2205 ὕπνῳ
611 2137 704 2188 καὶ
752 2138 927 2188 ταῦτα
965 2139 1146 2204 βαθεῖ,
1173 2139 1601 2206 κατεσχημένον.
1678 2135 1804 2190 ἀλλ’

111 2217 374 2287 ἀνασχών
400 2214 604 2272 ἑαυῖὂν
630 2216 659 2272 6
685 2212 1029 2290 πρεσβύτης,
1072 2219 1210 2274 κάπὶ
1235 2226 1337 2274 τοῦ
1364 2221 1619 2291 ἀγκῶνος
1660 2224 1808 2289 ε’ρεί-

40 2318 81 2352 25
111 2317 237 2370 σας,
279 2301 310 2355 ὅ
346 2323 398 2356 τι
438 2306 719 2357 πεπόνθοι
757 2304 1024 2374 διηρώτα,
1066 2307 1154 2358 καὶ
1197 2305 1272 2358 δι’
1298 2302 1371 2375 ἣν
1407 2308 1592 2360 αἰτίαν
1629 2306 1833 2378 οὕτως,

112 2388 360 2450 ἐκτόπως
385 2385 567 2441 ἀλύοι.
599 2389 800 2457 σχεδόν
825 2409 874 2442 τι
903 2393 1017 2442 τῶν
1041 2370 1504 2460 μεμηνότωνΐούκ
1534 2389 1807 2445 ἀποδέων.

113 2468 229 2525 εἶτα
267 2471 337 2526 οὐ
375 2471 448 2542 μὴ
488 2477 667 2541 μανῶ,
707 2471 847 2541 πρὸς
885 2471 1061 2526 αὐτὸν
1100 2471 1128 2527 6
1156 2475 1425 2545 Κνήμων,
1466 2478 1686 2545 Θίσβην
1724 2473 1808 2528 ὅτι
1891 2464 1895 2469 ⁸

114 2559 397 2623 περίεστιν
423 2555 702 2626 ἀκηκοώςς
745 2557 835 2610 καὶ
865 2563 947 2620 τίς
974 2555 1005 2627 ἡ
1036 2562 1237 2628 Θίσβη,
1279 2563 1385 2630 ἔφη
1422 2559 1451 2612 6
1478 2561 1807 2628 Καλάσιρις,

113 2635 150 2708 ἦ
175 2642 360 2694 πόθεν
383 2644 671 2709 γνωρίζεις
695 2662 754 2694 τε
781 2640 1029 2705 ἀκούσας
1054 2645 1146 2696 καὶ
1175 2646 1356 2708 ζῶσαν
1391 2643 1810 2713 ἀγγελλομένην

44 2737 86 2772 80
115 2727 452 2792 φροντίζεις;
490 2724 583 2778 καὶ
611 2724 698 2794 ὅς,
726 2729 840 2779 τῶν
864 2728 963 2794 μὲν
990 2724 1179 2780 ἄλλων
1205 2727 1422 2798 ἀκούσῃ
1448 2727 1585 2796 μετὰ
1610 2731 1806 2795 ταῦτα,

116 2807 250 2862 ὅταν
277 2809 410 2862 ποτὲ
436 2810 528 2861 καὶ
553 2808 620 2862 τὰ
649 2811 895 2879 ἐμαυτοῦ
922 2810 1296 2881 διηγήσωμαι·
1330 2811 1554 2881 ἐκείνην
1582 2813 1642 2865 δὲ
1664 2811 1807 2879 ἀνῃ-

64 2906 69 2911 ’
117 2892 363 2963 ρημένην
399 2894 619 2956 τούτοις
670 2892 777 2962 ἐγώ
826 2903 941 2957 τοῖς
988 2892 1307 2965 ὀφθαλμοῖς
1355 2898 1664 2964 ἐγνώρισα,
1715 2892 1807 2947 καὶ
