1916 3132
0 0 65 188 ῗ
337 164 345 169 ,
422 177 426 180 .
670 91 798 160 CAPL
823 111 1186 158 xxm-XXVI
1663 109 1774 164 207.

81 258 272 294 sonum
312 236 721 292 sternutationis
755 266 824 272 —
858 235 1002 305 quod
1041 235 1183 288 enim
1215 236 1435 303 putarat
1466 233 1532 285 ab
1565 251 1626 286 ea
1657 251 1776 302 pro-

2 353 7 358 ·
81 315 281 368 fectum
313 345 385 350 —
417 311 578 374 solito
618 329 880 374 sermone,
902 299 1131 362 saluteni
1164 309 1213 361 ei
1243 308 1419 362 fuerat
1450 307 1776 377 imprecatus

83 392 137 442 et
175 389 367 441 iterato
406 404 620 439 rursum
659 388 713 438 et
749 386 1089 454 frequentato
1129 383 1357 453 saepius,
1396 382 1561 435 donec
1591 382 1668 435 rei
1699 382 1777 434 ni-

85 463 304 516 mietate
355 462 655 514 commotus
705 460 850 529 quod
897 458 1216 528 [p.170.E.]
1264 477 1349 510 res
1397 460 1511 509 erat
1559 456 1776 509 tandem

41 556 61 590 5
86 537 391 606 suspicatur
436 538 491 588 et
535 532 773 603 impulsa}
812 534 998 586 mensa
1043 536 1300 604 protenus
1348 525 1657 601 remotaque
1697 549 1778 583 ca-

87 608 188 665 uea
225 609 474 680 producit
518 609 793 661 hominem
834 608 1047 660 crebros
1088 599 1356 659 anhelitus
1400 623 1556 676 aegre
1595 606 1780 659 reflan-

86 666 219 740 tem!
248 684 716 752 inflammatusque
749 682 1116 753 indignatione
1157 677 1524 734 contumeliae*
1543 680 1781 750 gladium

40 819 43 822 ,
86 759 337 830 flagitans
369 757 642 836 Jiugulare
705 758 1026 810 moriturum
1082 756 1369 826 gestiebat,
1430 756 1486 807 ni
1541 758 1782 824 respecto

87 833 371 888 communi
412 831 650 901 periculo
698 832 791 884 uix
839 850 960 885 eum
1009 831 1075 883 ab
1127 831 1330 899 impetu
1385 830 1589 882 furioso
1641 828 1783 881 cohi-

26 931 66 964 ιο
88 909 348 977 buissem,
395 907 713 977 adseuerans
761 907 914 959 breui
934 907 938 973 '3
962 906 1161 974 absque
1204 923 1346 957 noxa
1384 904 1555 957 nostri
1572 893 1581 972 ἶ
1595 906 1783 972 suapte

89 983 332 1053 (sponte)
383 981 660 1034 inimicum
716 981 831 1034 eius
882 979 1141 1033 uiolentia
1187 979 1424 1048 sulpuris
1471 978 1783 1047 periturum.

89 1077 187 1111 nec
242 1055 460 1110 suadela
511 1074 631 1108 mea
690 1056 784 1108 sed
837 1055 1006 1124 ipsius
1069 1055 1146 1107 rei
1202 1054 1517 1107 necessitate
1571 1052 1786 1121 lenitus,

93 1133 291 1202 quippe
342 1131 448 1183 iam
500 1130 822 1182 semiuiuum
873 1130 1026 1182 illum
1077 1130 1133 1181 in
1182 1128 1489 1197 proximum
1541 1127 1787 1196 deportat

93 1202 487 1277 angiportum}-
530 1208 647 1256 tum
694 1205 852 1257 uxori
898 1205 1011 1257 eius
1051 1204 1212 1256 tacite
1260 1203 1401 1255 suasi
1453 1221 1512 1254 ac
1560 1202 1787 1270 denique

27 1303 71 1338 15
95 1280 336 1351 persuasi
359 1278 636 1333 'secederet
665 1278 943 1347 paululum
977 1282 1136 1347 atque
1168 1277 1311 1330 ultra
1340 1277 1505 1329 limen
1537 1276 1788 1328 tabernae

97 1356 163 1408 ad
202 1354 510 1424 quampiam
548 1353 812 1422 tantisper
848 1352 1168 1405 familiarem
1208 1352 1311 1404 sibi
1351 1351 1629 1403 mulierem
1661 1350 1788 1418 <mi-

92 1430 317 1500 gyraret),
356 1428 533 1498 quoad
571 1428 746 1496 spatio
785 1428 999 1493 feruens
1039 1427 1219 1479 mariti
1259 1426 1533 1479 sedaretur
1565 1425 1791 1492 animus,

98 1503 191 1574 qui
229 1506 381 1556 tanto
422 1502 594 1556 calore
633 1505 890 1571 tantaque
929 1487 1075 1554 rzibie
1107 1500 1383 1571 perculsus
1414 1518 1522 1552 non
1554 1503 1668 1552 erat
1699 1498 1790 1550 du-

4 1587 7 1591 '
97 1578 220 1631 bius
260 1577 463 1646 aliquid
501 1577 663 1629 etiam
711 1577 775 1628 de
815 1596 871 1629 se
918 1594 1119 1645 suaque
1159 1576 1386 1645 coniuge
1425 1574 1635 1626 tristius
1673 1591 1791 1642 pro-

30 1676 76 1709 πο
97 1653 238 1706 fecto
286 1652 536 1721 cogitare.
613 1650 804 1703 talium
852 1651 1249 1703 contubernalis
1297 1649 1574 1718 epularum
1615 1647 1791 1700 taedio

98 1720 324 1797 fugatus·
355 1725 522 1778 larem
561 1725 743 1778 reueni
782 1726 995 1778 meum?

210 1798 406 1853 XXVI.
447 1798 593 1852 Haec
632 1803 937 1852 recensente
968 1800 1172 1868 pistore
1212 1799 1317 1850 iam
1357 1798 1557 1850 dudum
1595 1815 1794 1866 procax

101 1878 154 1927 et
191 1875 474 1928 temeraria
511 1873 704 1926 mulier
750 1874 929 1926 uerbis
970 1874 1344 1926 execrantibus
1383 1871 1604 1925 fullonis
1644 1870 1792 1922 illius

101 1949 466 2003 detestabatur
502 1966 739 2018 uxorem,
779 1948 926 2000 illam
961 1938 1236 2017 persidam,
1274 1942 1421 1999 illam
1455 1944 1795 2014 impudicam,

34 2045 78 2080 2⁵
100 2023 303 2092 (illud)
349 2023 576 2092 denique
623 2023 861 2077 uniuersi
910 2028 1069 2076 sexus
1117 2022 1316 2092 grande
1365 2020 1613 2088 dedecus,
1660 2037 1795 2088 quae

103 2116 200 2151 suo
238 2098 441 2166 pudore
479 2098 783 2166 postposito
823 2098 1035 2166 torique
1076 2095 1301 2166 genialis
1342 2095 1543 2147 calcato
1583 2093 1795 2146 foedere

102 2172 269 2225 larem
308 2172 489 2224 mariti
529 2171 772 2240 lupanari
813 2171 1133 2224 maculasset
1163 2164 1398 2238 infamia),
1438 2169 1650 2237 iamque
1681 2185 1795 2237 pro-

106 2242 218 2298 ditfa
254 2249 451 2315 nuptae
483 2246 754 2316 dignitate,v
776 2246 1099 2314 prostitutae
1132 2245 1234 2296 sibi
1266 2262 1460 2296 nomen
1493 2242 1796 2295 adsciuerit.

107 2319 334 2372 addebat
371 2321 536 2373 etiam
574 2320 698 2372 talis
746 2323 992 2388 oportere
1038 2319 1193 2371 uiuas
1233 2318 1383 2370 exsiri
1426 2317 1665 2370 feminas.
1744 2320 1798 2368 et

15 2394 84 2494 lm
106 2397 284 2447 tamen
344 2394 496 2447 taciti
550 2395 787 2448 uulneris
843 2398 896 2446 et
958 2412 1082 2445 suae
1145 2392 1386 2445 sordidae
1442 2390 1798 2445 conscientiae

230 2575 252 2613 1
285 2571 478 2626 putarat
502 2570 614 2615 Koz.
650 2572 840 2626 putaret
863 2571 962 2614 edd.
1063 2573 1089 2612 5
1120 2570 1296 2628 ‘ptenus
1330 2567 1364 2611 F
1467 2572 1517 2611 11
1555 2565 1793 2668 <sponte?

109 2630 284 2674 inserui
325 2630 382 2684 cf.
417 2629 471 2673 de
501 2629 581 2673 deo
609 2629 730 2674 δοῦν.
759 2634 827 2674 15.
847 2634 902 2672 25
937 2628 1137 2684 (Goldb.)
1175 2633 1215 2672 et
1255 2628 1327 2672 Pl.
1368 2628 1493 2672 Trin.
1529 2631 1614 2669 666
1706 2639 1760 2668 su
1781 2650 1799 2658 -

108 2687 290 2746 purisF
384 2692 439 2731 14
455 2687 590 2732 uxori
605 2691 769 2746 scripsi
800 2702 990 2732 uxorem
1020 2688 1195 2742 cdd.cf.
1218 2692 1284 2732 16.
1305 2691 1382 2741 263
1409 2690 1575 2739 63.10;
1603 2689 1700 2728 119.
1720 2689 1798 2739 30;

110 2748 410 2805 Apol.104.2
436 2747 582 2804 (Kr.):
631 2747 788 2805 „suasi
827 2746 960 2791 uxori
999 2759 1278 2790 meae—ac
1310 2745 1511 2801 denique
1558 2743 1799 2800 persuasi“

22 2852 24 2854 ,
114 2811 255 2851 16.17
291 2805 585 2866 (migraret)
621 2809 799 2852 inserui
837 2805 1163 2865 <diuerteret>
1198 2806 1320 2850 Prie.
1472 2808 1529 2847 20
1569 2802 1801 2861 cogitaret

23 2870 28 2943 k
113 2864 259 2910 alium
275 2865 380 2922 F¹cp
413 2864 545 2910 aliud
559 2865 621 2909 F²
710 2871 765 2910 25
785 2865 976 2925 (illud)
991 2866 1166 2909 inserui
1189 2866 1244 2920 cf.
1266 2869 1363 2908 185.
1383 2868 1453 2908 23.
1474 2868 1543 2906 27.
1563 2866 1620 2906 28
1694 2877 1801 2919 pro-

23 2945 30 2984 ς
116 2924 218 2969 dita
247 2926 412 2982 scripsi
448 2924 636 2981 perdita
666 2927 764 2970 edd.
871 2930 926 2968 29
959 2923 1103 2968 etiam
1133 2925 1296 2981 scripsi
1330 2926 1378 2967 et
1408 2924 1507 2967 cdd.
1599 2921 1710 2966 talis
1742 2922 1802 2966 F¹

24 2995 32 3127 l
1186 3030 1187 3033 ψ
1490 3061 1526 3088 .
