1916 3132
192 62 262 115 96
920 62 1082 107 LIBRI
1112 62 1155 106 V

188 184 396 236 minuto
436 184 492 236 in
531 183 681 235 uaria
718 183 958 251 picturae
991 201 1184 254 genera
1215 184 1662 238 discriminantur.
1716 184 1871 239 uehe-

187 262 395 311 menter
434 254 628 310 iterum
669 276 728 310 ac
767 258 978 326 saepius
1017 258 1202 311 beatos
1240 259 1362 311 illos
1403 259 1495 328 qui
1534 277 1693 328 super
1731 276 1872 330 gem·

187 351 302 384 mas
327 336 381 384 et
403 331 625 384 monilia
649 331 874 384 calcant!
913 332 1019 384 iam
1044 336 1246 386 ceterae
1270 336 1448 402 partes
1471 332 1631 403 longe
1661 332 1873 403 lateque

189 406 481 475 dispositae
520 405 708 458 domus
748 405 861 458 sine
899 406 1072 475 pretio
1110 407 1374 475 pretiosae
1407 407 1612 476 totique
1642 407 1872 476 parietes

188 480 404 533 solidati
443 480 634 532 massis
681 480 855 532 aureis
894 480 1173 549 splendore
1222 481 1438 550 proprio
1479 485 1773 551 coruscant,
1810 484 1873 534 ut

189 554 329 607 diem
376 572 531 606 suum
586 553 690 606 sibi
737 554 925 607 domus
963 554 1124 607 faciat
1170 555 1295 608 licet
1349 556 1459 608 sole
1507 555 1741 608 nolente:
1795 555 1872 608 sic

189 628 434 680 cubicula
472 628 548 680 sic
586 627 825 696 porticus
872 628 950 681 sic
995 629 1141 697 ipsae
1187 629 1373 683 ualuae
1410 629 1699 700 fulgurant.
1775 648 1872 689 nec

188 702 354 754 setius
411 721 538 771 opes
593 706 796 755 ceterae
850 702 1118 755 maiestati
1172 704 1359 756 domus
1410 704 1758 772 respondent,
1810 706 1873 756 ut

188 776 433 845 equidem
465 776 606 840 {llud
643 779 786 829 recte
824 777 1069 830 uideatur
1101 778 1166 829 ad
1197 778 1654 831 conuersationem
1687 777 1871 830 huma-

187 869 312 902 nam
351 867 546 920 magno
572 831 705 903 LIoui
743 850 1063 903 fabricatum
1103 852 1326 904 caeleste
1364 851 1638 933 palatium.
1887 876 1912 925 ιι

298 923 366 976 ΙΙ.
435 923 672 977 Inuitata
719 923 926 993 Psyche
981 925 1171 977 talium
1224 926 1462 978 locorum
1517 925 1870 978 oblectatione
1888 938 1903 955 ³

187 999 409 1067 propius
457 999 680 1051 accessit
730 1002 783 1050 et
828 998 987 1067 paulo
1042 999 1292 1052 fidentior
1345 1000 1487 1052 intra
1537 999 1703 1052 limen
1756 1018 1871 1052 sese

185 1073 331 1141 facit,
369 1091 496 1124 mox
534 1072 863 1141 prolectante
879 1066 891 1097 ‘'
903 1072 1081 1124 studio
1121 1073 1508 1141 pulcherrimae
1547 1074 1772 1126 uisionis
1802 1073 1871 1126 ri-

187 1150 362 1199 matur
417 1146 629 1216 singula
683 1149 736 1199 et
783 1146 1098 1199 altrinsecus
1153 1148 1363 1200 aedium
1415 1147 1606 1200 horrea
1655 1146 1873 1200 sublimi

188 1207 391 1274 fabrica
442 1221 675 1290 perfecta
725 1221 1041 1290 magnisque
1096 1225 1350 1291 congesta
1399 1214 1569 1291 gazis²
1598 1220 1871 1290 conspicit.
1895 1243 1914 1274 1

187 1314 283 1347 nec
323 1298 404 1347 est
444 1295 730 1364 quicquam
771 1295 914 1363 quod
953 1295 1030 1347 ibi
1067 1313 1174 1348 non
1215 1300 1309 1348 est.
1361 1296 1454 1348 sed
1490 1298 1700 1364 praeter
1737 1298 1872 1348 cete-

186 1388 300 1420 ram
340 1372 611 1421 tantarum
651 1369 962 1421 diuitiarum
1006 1369 1411 1422 admirationem
1440 1369 1543 1422 hoc
1574 1373 1687 1422 erat
1724 1387 1872 1438 prae-

188 1443 341 1511 cipue
382 1443 454 1511 [p.
482 1443 565 1495 80.
589 1442 678 1511 E]
725 1443 1034 1512 mirificum,
1074 1443 1218 1512 quod
1254 1444 1402 1496 nullo
1442 1443 1680 1513 uincu10,
1722 1442 1870 1496 nullo

188 1516 444 1585 claustrO,
498 1516 646 1568 nullo
702 1517 920 1569 custode
973 1517 1142 1570 totius
1189 1518 1672 1586 (opulentissimus)
1725 1516 1871 1569 orbis

187 1589 507 1642 thensaurus
546 1590 634 1642 ille
674 1591 1028 1643 muniebatur.
1104 1591 1235 1644 haec
1281 1592 1330 1644 ei
1369 1610 1576 1644 summa
1621 1609 1742 1644 cum
1780 1608 1870 1643 110-
1894 1611 1916 1642 2

187 1663 393 1732 luptate
443 1664 641 1716 uisenti
688 1665 844 1716 offert
894 1683 1006 1717 sese
1052 1684 1161 1717 uox
1207 1666 1464 1735 quaedam
1488 1662 1748 1734 (corporis
1787 1664 1871 1716 sui

186 1732 348 1807 nuda)
368 1742 422 1790 et
462 1737 630 1806 ‘quid'
670 1738 846 1806 inquit
886 1738 1135 1807 ε1101111116,
1174 1741 1338 1792 tantis
1378 1739 1714 1808 obstupescis
1761 1737 1870 1807 opi-

187 1811 325 1863 bus?
363 1815 459 1863 tua
496 1814 622 1863 sunt
657 1810 790 1863 haec
828 1812 1019 1864 omnia.
1096 1813 1320 1880 prohinc
1359 1814 1603 1866 cubiculo
1642 1815 1695 1865 te
1733 1811 1872 1864 refer

189 1889 243 1938 et
279 1885 476 1938 lectulo
515 1884 884 1937 lassitudinem
923 1885 1104 1939 refoue
1144 1890 1197 1938 et
1236 1905 1301 1938 ex
1340 1887 1561 1939 arbitrio
1598 1886 1870 1938 lauacrum

188 1963 324 2027 pete.
401 1978 498 2011 nos
539 1977 762 2028 quarum
800 1977 956 2011 voces
996 1959 1217 2028 accipiS,
1255 1963 1378 2012 tuae
1417 1959 1646 2012 famulae
1685 1958 1869 2011 sedulo
1894 1979 1914 2011 2

189 2033 291 2085 tibi
329 2033 882 2101 praeministrabimus
921 2052 1018 2085 nec
1057 2034 1293 2102 corporis
1333 2037 1545 2086 curatae
1583 2033 1685 2085 tibi
1722 2049 1869 2102 rega-

188 2107 266 2158 les
306 2107 491 2175 epulae
529 2107 914 2159 morabuntur.⁹

300 2179 395 2232 HI.
475 2179 653 2232 Sensit
704 2180 912 2250 Psyche
963 2180 1174 2232 diuinae
1223 2181 1590 2248 prouidentiae
1643 2181 1908 2233 beatitu-·

193 2254 393 2321 dinem,
438 2254 780 2322 moniti-isque
827 2256 975 2306 uocis
1022 2254 1267 2306 informis
1315 2254 1532 2306 audiens
1581 2254 1680 2323 [et]
1719 2254 1869 2323 prius

310 2389 334 2426 2
365 2385 521 2442 super]
547 2385 735 2440 superbi
755 2385 912 2429 Rohde
941 2384 1137 2441 superbe
1156 2385 1223 2428 W.
1246 2386 1325 2441 qui
1351 2391 1502 2428 tamen
1523 2386 1630 2429 Sitz.
1652 2386 1694 2429 d.
1709 2385 1767 2428 B.
1781 2384 1868 2428 AJc.

193 2447 324 2487 1895.
357 2447 441 2486 327
473 2445 712 2500 uzolyatam
735 2445 938 2499 defendit
1057 2449 1082 2487 6
1114 2442 1294 2486 faciant
1324 2444 1422 2488 cdd.
1455 2443 1640 2501 [domus
1691 2442 1871 2488 faciant

191 2502 349 2546 Rohde
529 2507 552 2545 7
591 2502 762 2546 ualuae
801 2505 830 2546 ὃ
888 2502 1054 2546 ualnee
1092 2502 1194 2558 F¹q>
1256 2501 1424 2546 balnee
1462 2502 1522 2545 F²
1580 2503 1612 2546 b
1696 2515 1779 2546 eae
1816 2501 1868 2546 E.

192 2561 407 2606 Michael.
434 2561 501 2604 W.
624 2566 649 2604 8
682 2561 934 2618 magestati
965 2561 1000 2605 F
1093 2565 1236 2604 13.14
1268 2560 1464 2605 rimatur
1495 2578 1531 2618 φ
1568 2561 1767 2604 miratur
1795 2559 1871 2604 Fa

192 2622 271 2664 sed
308 2621 361 2664 in
406 2621 525 2664 calce
562 2622 763 2677 payinae
802 2621 837 2663 F
883 2622 1013 2665 habet
1057 2619 1254 2663 rimatur
1292 2636 1322 2664 a
1352 2622 1509 2676 prima
1545 2635 1600 2665 m.
1633 2621 1691 2675 cf.
1725 2623 1794 2666 91.
1813 2624 1867 2662 27

194 2684 248 2722 19
303 2677 754 2780 {opulentissimusQ
808 2680 981 2724 inserui
1128 2683 1184 2721 20
1237 2681 1482 2723 tensaurus
1528 2696 1564 2734 φ
1616 2680 1671 2734 cf.
1717 2682 1786 2722 87.
1814 2682 1869 2721 10

192 2742 248 2780 23
281 2751 307 2780 0
345 2751 394 2781 er
425 2754 460 2793 φ
551 2742 620 2780 28.
640 2742 694 2780 29
727 2738 1082 2793 beatitudinem,
1108 2737 1402 2793 monitusque
1434 2737 1562 2781 uocis
1590 2735 1801 2780 informis
1825 2750 1867 2780 a.

194 2797 282 2854 [et]
320 2798 484 2852 scripsi
523 2796 868 2845 beatitudinem
908 2796 1204 2851 monitusque
1243 2810 1379 2840 uoces
1411 2796 1631 2840 informes
1665 2809 1704 2839 a.
1738 2797 1786 2839 et
1815 2795 1867 2838 Ε.

191 2854 503 2911 monitusque,
536 2869 672 2899 uoces
705 2856 925 2899 informes
959 2870 1014 2910 a.‚
1048 2858 1096 2899 et
1135 2856 1203 2899 W.
