1916 3132
91 1255 161 1309 22

171 63 295 151 ‘294
339 97 342 100 ⁴
875 104 1217 152 AEKATON

185 231 610 311 [spmgze'votgsvcfi
635 260 694 293 τε
713 238 884 312 ‘Halyn
910 241 1004 293 καὶ
1030 243 1098 312 τῇ
1124 246 1410 314 Σεληναίᾳ
1446 242 1586 312 πρὸς
1621 247 1737 298 τῶν
1773 263 1883 298 πα-

181 326 356 394 τρίων
382 322 846 395 ἀποκεκλήρωται
869 324 971 395 ἥδε
995 323 1028 395 ἡ
1058 325 1272 396 πρᾶξις,
1310 328 1403 382 καὶ
1429 327 1649 391 τούτοις
1675 326 1742 382 ού
1767 338 1885 394 τοῖς

180 411 472 478 τυχοῦσιν,
502 407 646 462 ἄλλα
672 413 775 463 τοῦ
798 411 902 479 μὲν
918 412 1147 479 γυναικὶ
1163 416 1268 489 τῆς
1294 413 1355 466 δὲ
1382 411 1552 483 ἀνδρὶ
1577 416 1879 468 συνοικού-

182 506 305 563 σης·
355 492 498 547 ω’στε
524 491 596 573 ἡ,
609 493 749 548 κατὰ
788 495 850 548 σὲ
875 498 1181 576 παρθενία
1232 497 1438 551 κωλύει
1475 495 1578 567 τήν
1615 496 1720 552 οὐκ
1767 494 1877 554 οἷδ’

181 575 331 639 ὅπως
355 580 678 679 γινομένην
686 584 961 649 αἴτησιν
989 577 1132 632 ἀλλὰ
1167 581 1374 635 τούτου
1398 602 1463 651 γε
1488 581 1683 636 ἕνεκεν
1707 581 1879 638 οὐδὲν

182 663 473 731 ἐμπόδιον,
515 664 622 733 ἔφη
648 661 681 733 ἡ
708 668 1032 732 Χαρίκλεια,
1072 665 1262 737 λα’θρα
1305 687 1398 719 και
1424 685 1574 737 παρα
1600 667 1662 722 τὸ
1690 687 1788 730 ους
1811 670 1881 738 τῇ

179 750 436 817 Περσίνῃ
456 749 862 814 προσκύψασα·
892 751 1008 802 ἔστι
1032 769 1142 819 γαρ
1163 749 1331 819 καμοὶ
1350 755 1584 821 μῆτερο
1608 750 1670 806 τὸ
1698 749 1880 822 ὄνομα

176 834 343 885 τοῦτο
372 836 623 902 πληρῶν,
666 835 717 887 εἰ
752 835 845 887 και
880 830 1036 902 ὑμεῖς
1070 836 1460 905 βουληθειητε
1523 839 1878 907 βουλησόμε-

176 921 274 984 θα,
317 911 473 971 εἶπεν
494 916 527 988 ἡ
556 923 811 987 Περσῖνα
838 918 1192 987 μειδιασασα,
1233 921 1325 972 καὶ
1353 917 1554 973 αὐτίκα
1590 921 1741 988 μαλα
1781 921 1879 974 ε’κ-

178 1000 453 1071 δωσομεν,
489 1005 645 1056 θεων
676 1003 981 1069 νευόντων,
1020 1006 1125 1055 σοῦ
1151 1022 1210 1056 τε
1247 1004 1340 1056 καὶ
1366 1002 1526 1073 ἡμων
1552 1003 1712 1069 α’ξιον
1750 1004 1916 1060 ἐπι-1

178 1084 487 1173 λεξάμενοι.
530 1085 622 1140 καὶ
650 1086 693 1163 ἡ
700 1089 1006 1163 Χαρίκλεια
1024 1086 1432 1158 γεγωνότερον,
1424 1077 1625 1142 οὐδὲν
1645 1090 1736 1143 δεῖ
1753 1089 1877 1144 ἐπι-

179 1156 397 1240 λέγειν,
422 1172 549 1241 ε’φη,
588 1169 687 1224 τὸν
729 1170 865 1224 ὄντα
901 1170 1027 1272 ἤδη.

287 1254 381 1309 καὶ
419 1256 603 1324 λέγειν
640 1276 694 1308 τι
733 1256 1131 1326 φανερώτερον
1167 1256 1479 1328 μελλούσης
1504 1260 1739 1328 (τοῄλμ-ἄν
1765 1255 1874 1360 γὰρ

176 1338 238 1393 τὸ
265 1349 596 1408 κατεπεῖγον
623 1342 716 1393 καὶ
741 1339 845 1409 τήν
874 1342 1015 1394 αίδῶ
1041 1341 1147 1410 τὴν
1172 1343 1486 1411 παρθένιον
1512 1360 1786 1412 περιοραν
1811 1341 1873 1397 τό

179 1424 243 1478 ἐν
269 1421 634 1494 ὀφθαλμοῖς“
608 1425 898 1495 ορωμενον
924 1426 1025 1478 τοῦ
1051 1426 1427 1496 κινδύνουλτῷ
1450 1427 1716 1495 Θεαγένει
1736 1447 1872 1481 κατ-
1892 1441 1916 1474 1

173 1513 510 1580 ηναγκαζεν)
548 1508 737 1564 οὐκέτι
775 1508 1070 1580 κατασχων
1108 1507 1137 1563 6
1158 1508 1448 1580 Υδασπης,
1487 1531 1529 1564 ω
1557 1512 1726 1579 θεοί,
1728 1508 1873 1582 ἔφη,

176 1615 251 1658 ως
276 1615 420 1648 κακα
445 1604 562 1657 τοῖς
587 1599 779 1658 καλοῖς
806 1596 1020 1649 ἐοίκατε
1046 1595 1314 1664 μιγνύναι
1342 1596 1490 1648 καὶτ
1454 1593 1685 1698 Qun,
1714 1597 1875 1650 ἐλπί-

177 1680 273 1742 δος
308 1698 402 1748 μοι
442 1681 800 1749 δωρηθεῖσαν
839 1680 979 1751 πρὸς
1015 1678 1176 1749 ὑμων
1203 1677 1568 1759 εὐδαιμονίαν
1605 1678 1668 1734 τό
1706 1680 1875 1751 μέρος

175 1765 449 1832 κωλύειν,
497 1765 785 1834 θυγατέρα
834 1766 938 1834 μὲν
985 1764 1438 1833 ἀπροσδόκητον,
1495 1762 1640 1817 ἀλλὰ
1688 1763 1872 1835 παροί-

177 1848 366 1947 φρονοέ
403 1866 519 1910 πως
557 1846 961 1912 ἀναδείξαντες.
1025 1851 1141 1911 πῶς
1176 1848 1285 1917 γὰρ
1325 1847 1391 1901 ού
1419 1851 1782 1918 παραπλῆγος
1806 1849 1916 1905 ‘⁶621

175 1932 358 2002 νόημα
383 1935 482 2002 τῆς
506 1929 780 1986 αλλόκοτα
809 1933 1025 2002 ρήματα
1051 1933 1411 2003 προῖεμένης;
1451 1930 1703 2001 αδελφόν
1729 1930 1875 1986 ωνό-

175 2021 308 2086 μαζε
345 2015 445 2070 τὸν
481 2015 555 2087 μὴ
594 2015 755 2070 ὄντα·
796 2017 897 2081 τρν
927 2016 1091 2102 ῥ’ντα,
1101 2017 1282 2080 ὅστις
1309 2016 1464 2070 ἐστιν
1489 2014 1518 2070 ὁ
1546 2004 1724 2080 ξένος
1726 2015 1875 2086 ε’ρω-

175 2103 414 2171 τωμένη,
452 2099 685 2169 αγνοεῖν
712 2104 920 2171 ε’.λεγεν
965 2093 1142 2164 αὖθις
1164 2101 1338 2170 ἐζήτει
1363 2103 1772 2170 περισωζεσθαι
1798 2100 1875 2164 ως

177 2188 349 2255 φίλον
386 2182 485 2239 τὸν
511 2206 545 2238 α
588 2184 928 2255 νοούμενον·
967 2185 1252 2240 αδύνατου
1289 2181 1432 2239 εἶναι
1467 2188 1732 2255 μαθοῦσα
1769 2183 1874 2254 τήν

176 2275 417 2339 αἴτησιν,
455 2206 594 2339 ath-5
621 2273 933 2325 καταθύειν
948 2269 1164 2348 ᾗῶσανεὶ
1189 2266 1864 2338 πολεμιωτατον)ίκέτευε.
1885 2293 1916 2326 22

178 2355 272 2408 καὶ
298 2355 463 2407 τοῦτο
492 2352 567 2417 ὥς
594 2352 663 2407 οὐ
688 2355 923 2424 θεμιτὸν
951 2349 1253 2425 λεγόντων,
1292 2358 1393 2425 μιᾷ
1427 2354 1572 2424 μόνῃ
1607 2355 1700 2407 καὶ
1735 2355 1869 2407 ταύ-

180 2458 245 2507 τῃ
284 2435 555 2508 ὑπανδρω
589 2443 687 2508 τῆς
712 2441 939 2493 τοιᾶσδε
976 2443 1182 2502 θυσίας
1207 2438 1661 2507 καθωσιωμένης,
1688 2437 1872 2506 ἄνδρα

176 2525 326 2591 ε’χειν
355 2524 635 2592 ἐμφαίνει,
675 2519 774 2576 τὸν
803 2527 929 2577 τίνα
957 2523 1023 2577 οὐ
1048 2528 1432 2591 προστιθεῖσα.
1496 2540 1613 2585 πως
1636 2542 1744 2591 γαρ
1771 2521 1872 2575 τόν

177 2626 242 2675 γε
277 2607 416 2677 μήτε
454 2605 590 2660 ὄντα
627 2607 763 2677 μήτε
801 2612 1143 2677 γεγενῆσθαι
1180 2605 1351 2676 αὐτῇ
1345 2600 1463 2660 δια
1499 2610 1597 2676 τῆς
1635 2591 1891 2677 ἐσχάρας

177 2688 614 2769 ἄποδειχθέντα;
666 2694 716 2745 εἰ
749 2691 822 2762 μὴ
862 2691 971 2762 ἄρα
1018 2710 1168 2762 παρα
1205 2693 1380 2761 ταύτῃ
1418 2692 1564 2761 μόνῃ
1602 2689 1916 2754 ψεύδεταιεκ

127 2775 318 2890 sm
306 2773 375 2839 τρ
379 2775 528 2867 ᾗαᾷ
556 2777 829 2840 Αἰθίοψιν
856 2774 1094 2840 αψευδες
1129 2795 1244 2828 των
1279 2776 1722 2844 καθαρευόντων
1745 2792 1869 2827 πει-

176 2860 475 2942 ρατήριον,
526 2859 616 2912 καὶ
672 2860 953 2928 ἐπιβασαν
990 2859 1274 2930 αφλεκτον
1312 2832 1868 2928 αποπέμπεταιῇκὶ
