1916 3132
152 66 251 119 108
814 71 900 118 ΤΕ
907 72 995 118 ΤΑ
1002 69 1186 118 PTON

148 203 224 268 ὥς
250 204 495 260 ἄστατόν
521 227 572 260 τι
599 207 692 260 καὶ
727 205 997 276 ἀβέβαιον
1023 206 1117 260 καὶ
1143 205 1348 260 ἄλλοτε
1373 204 1514 275 πρὸς
1550 205 1694 260 ἄλλα
1722 226 1851 276 τρε-

148 294 418 360 πόμενον,
447 294 572 346 τότε
593 293 654 345 δὲ
676 289 1150 360 ὑπερβαλλόντως
1169 301 1288 355 ταῖς
1306 293 1643 360 Χαρικλείας
1660 291 1852 360 τύχαις

149 376 577 445 γνωριζόμενον.
623 376 797 448 εἰσῄει
821 377 929 445 γάρ
957 396 1024 445 με
1051 380 1281 429 πολλῶν
1308 379 1518 443 ἔννοια,
1547 379 1721 430 τίνων
1746 377 1851 445 μὲν

149 461 424 531 γενομένη
451 465 626 515 τίνων
656 463 950 531 ἐνομίσθη,
980 460 1138 532 πόσῳ
1164 461 1226 514 δὲ
1251 465 1328 530 τῷ
1354 459 1560 529 μεταξὺ
1576 463 1673 530 τῆς
1694 462 1850 531 ἐνεγ-

150 546 360 615 κούσης
387 524 641 649 ἀπήχθη·
684 549 1006 616 κεκλήρωτο
1034 546 1095 599 δὲ
1121 545 1409 615 θυγατρὸς
1442 543 1618 615 ὄνομα
1647 545 1849 648 νόθου,

150 628 519 699 ἀποβαλοῦσα
559 630 621 684 τὸ
646 631 887 700 γνήσιον
911 632 1212 685 Αἰθιόπων
1240 630 1333 683 καὶ
1358 633 1647 699 βασίλειον
1672 631 1850 699 γένος.

153 716 243 769 ε’πὶ
272 718 421 768 πολύ
449 736 506 769 τε
533 714 849 787 ἀμφίβολος
887 714 1186 785 εἱστήκειν,
1226 719 1342 768 τῶν
1379 715 1484 785 μὲν
1520 717 1853 785 παρελθόν-

149 820 263 852 των
304 802 603 869 οἰκτείρειν
642 804 803 870 ἔχων,
844 805 958 854 τῶν
997 802 1059 854 δὲ
1109 800 1394 870 ἐσομένων
1444 797 1852 868 εὐδαιμονίζειν

152 882 219 937 οὐ
245 886 499 953 θαρσῶν,
535 887 639 949 ἕως
672 887 776 941 τὸν
803 885 1077 954 λογισμὸν
1103 881 1243 953 πρὸς
1269 882 1332 938 τὸ
1358 887 1548 954 νῆφον
1575 883 1853 939 ἀνακαλε-

151 969 615 1039 σάμενοςὶέγνων
652 969 724 1040 μὴ
766 971 1087 1038 διαμέλλειν
1125 967 1255 1022 ἀλλ’
1285 973 1456 1037 ἔργου
1496 971 1743 1038 ἔχεσθαι.

259 1053 352 1107 καὶ
379 1054 529 1125 παρὰ
555 1054 662 1124 τήν
690 1059 1034 1125 Χαρίκλειαν
1071 1053 1263 1108 ἐλθών
1298 1054 1711 1123 καταλαμβάνω
1748 1056 1853 1124 μό-

150 1159 278 1208 νην,
318 1138 696 1210 ἀπειρηκυῖαν
722 1139 830 1210 ἤδη
859 1138 999 1210 πρὸς
1023 1137 1085 1192 τὸ
1114 1139 1327 1207 πάθος,
1357 1140 1450 1191 καὶ
1475 1142 1553 1208 τῷ
1578 1139 1684 1208 μὲν
1710 1159 1852 1210 φρο-

151 1224 359 1293 νήματι
385 1226 720 1294 βιαζομένην
748 1223 1078 1327 ἀναφέρειν,
1114 1244 1190 1277 τω
1217 1223 1430 1292 στόματι
1457 1223 1518 1278 δε
1545 1223 1728 1295 πάντῃ
1754 1243 1853 1279 πε-

153 1309 498 1379 πονημένην,
537 1308 759 1364 ἐνδόντι
787 1309 926 1380 πρὸς
951 1307 1055 1379 τὴν
1082 1309 1258 1363 νόσον
1284 1307 1378 1361 καὶ
1404 1306 1656 1378 ἀντεχειν
1681 1308 1855 1364 ἀσθε-

70 1406 136 1459 10
159 1393 398 1463 νήσαντι
426 1391 566 1461 πρὸς
591 1393 653 1448 τὸ
683 1394 891 1448 δεινόν.
945 1393 1433 1464 μεταστησάμενος
1458 1394 1564 1446 οὐν
1589 1392 1722 1458 τούς
1746 1413 1855 1449 πα-

158 1482 378 1545 ρόντας,
407 1481 500 1531 καὶ
527 1480 741 1547 μηδένα
768 1481 1017 1549 διοχλειν
1045 1479 1355 1540 ἐπιστείλας
1381 1498 1454 1540 ως
1479 1476 1549 1547 δή
1574 1497 1730 1543 τινας
1757 1478 1854 1533 εύ-

160 1562 260 1632 χάς
283 1564 376 1616 καὶ
402 1564 722 1632 ἐπικλήσεις
747 1568 814 1634 τῇ
837 1565 976 1634 κόρῃ
994 1564 1314 1631 προσάξων,
1343 1561 1462 1631 ὥρα
1482 1579 1588 1631 σοι,
1618 1567 1784 1634 ἔφην,
1810 1554 1854 1618 ὦ

157 1652 486 1716 Χαρίκλεια,
516 1648 702 1716 λέγειν
724 1644 755 1701 ὃ
777 1649 1008 1717 πάσχεις
1028 1646 1199 1717 (οὕτω
1231 1649 1340 1716 γάρ
1357 1646 1607 1717 ὑπέσχου
1626 1651 1695 1720 τῇ
1713 1667 1855 1719 προ-

155 1736 371 1804 τεραίᾳ)
402 1733 494 1785 καὶ
520 1731 593 1801 μή
624 1733 896 1800 κρύπτειν
923 1730 1103 1801 ἄνδρα
1132 1735 1226 1786 σοί
1244 1753 1305 1786 τε
1333 1730 1544 1787 εὔνουν
1578 1732 1668 1787 καὶ
1705 1737 1855 1802 γνῶ-

129 1810 247 1871 ’ναι
284 1816 350 1870 τὰ
376 1818 559 1871 πάντα
596 1818 688 1870 καὶ
717 1817 1015 1886 σιωπώσης
1041 1816 1143 1870 οὐκ
1171 1816 1472 1870 ἀδύνατον.
1531 1814 1570 1886 ἢ
1594 1819 1655 1872 δὲ
1681 1821 1853 1888 λαβο-

155 1904 293 1971 μένη
333 1921 443 1971 μου
482 1905 577 1971 τῆς
614 1900 798 1970 χειρὸς
837 1902 1019 1971 ἐφίλει
1056 1921 1115 1955 τε
1154 1900 1248 1954 καὶ
1289 1901 1631 1971 ἐπεδάκρυε,
1680 1903 1775 1957 καὶ
1811 1895 1856 1958 οἷ

156 1989 299 2054 σοφὲ
319 1985 619 2054 Καλάσιρι,
649 1990 815 2039 τοῦτο
842 1990 1070 2055 πρῶτον
1098 1985 1486 2055 εὐεργέτησον,
1516 1990 1733 2056 ἔλεγεν·
1762 1991 1855 2042 ἕα-

157 2086 260 2124 σον
286 2090 354 2139 με
381 2074 687 2124 σιωπῶσαν
714 2073 1034 2140 δυστυχεῖν,
1064 2068 1234 2133 αὐτὸς
1254 2069 1330 2132 αἷς
1355 2071 1552 2140 βούλει
1577 2075 1858 2140 γνωρίσας

156 2155 263 2224 τήν
283 2156 480 2223 νόσον,
497 2157 589 2209 καὶ
610 2155 713 2223 την
733 2161 878 2224 γοῦν
899 2158 1177 2225 αἰσχύνην
1202 2157 1541 2225 κερδαίνειν,
1565 2157 1855 2226 κρύπτου-

1887 1411 1916 1445 1!

1884 1833 1916 1867 2(

159 2256 267 2294 σαν
306 2237 343 2291 δι’
380 2243 473 2293 καὶ
513 2240 749 2308 πάσχειν
786 2239 1020 2309 αἰσχρὸν
1059 2242 1153 2293 καὶ
1182 2242 1441 2294 ἐκλαλεῖν
1469 2241 1853 2310 αἰσχρότερον.
1882 2254 1916 2289 2ἒ

160 2324 235 2389 ὦς
263 2325 361 2395 ἐμέ
382 2344 446 2394 γε
472 2328 643 2377 λυπεῖ
663 2326 767 2392 μὲν
806 2327 899 2378 καὶ
937 2324 969 2396 ἡ
1011 2327 1179 2388 νόσος
1218 2323 1558 2393 ἀκμάζουσα,
1595 2323 1768 2379 πλέον
1795 2328 1856 2380 δὲ

158 2410 221 2464 τὸ
247 2407 319 2479 μὴ
362 2413 636 2477 κρατῆσαι
673 2413 769 2478 τῆς
804 2412 979 2464 νόσου
1014 2410 1116 2478 τὴν
1155 2409 1353 2478 ἀρχήν,
1394 2406 1520 2461 ἀλλ’
1546 2405 1858 2479 ἡττηθῆναι

159 2495 383 2557 πάθους
421 2493 800 2563 ἀπειρημένου
838 2497 942 2563 μὲν
982 2493 1103 2562 ἐμοὶ
1142 2492 1240 2547 τὸν
1279 2491 1389 2562 πρὸ
1428 2490 1635 2546 τούτου
1673 2495 1858 2548 πάντα

159 2583 387 2649 χρόνον,
424 2581 844 2646 λυμαινομένου
867 2581 927 2632 δὲ
949 2578 1042 2632 καὶ
1062 2582 1252 2649 μέχρις
1271 2576 1441 2646 ἀκοῆς
1461 2576 1523 2630 τὸ
1544 2582 1858 2647 παρθενίας

161 2663 338 2732 ὄνομα
366 2663 726 2731 σεμνότατον
769 2664 1128 2733 ἐπιρρωννύς
1154 2664 1261 2715 οὐν
1287 2660 1485 2732 αὐτήν,
1514 2683 1557 2716 ω
1586 2662 1916 2731 θύγατερ,3<

162 2752 324 2819 ἔφην,
355 2749 558 2800 δυοιν
538 2749 703 2801 ε’νεκα
726 2748 790 2801 εὐ
812 2759 988 2811 ποιεῖς
1007 2746 1451 2813 ἀποκρύπτουσα
1470 2744 1537 2799 τὰ
1556 2745 1696 2799 κατά
1715 2761 1856 2800 σαυ-

160 2834 286 2904 τήν
329 2833 439 2901 ἐγώ
463 2853 522 2885 τε
546 2829 655 2902 γάρ
683 2831 854 2885 ούδεν
881 2835 1073 2902 δέομαι
1099 2833 1418 2902 μανθάνειν
1445 2827 1479 2883 α’
1505 2831 1682 2883 πάλαι
1706 2829 1855 2900 παρὰ
