1916 3132
89 0 163 8 ...υ-

155 127 260 179 228
873 128 1159 176 ΟΓΛΟΟΝ

1372 195 1402 234 91
1411 206 1498 241 ιω
1495 193 1597 249 Lfy‘
1595 135 1688 235 7(

157 263 586 369 παρόντας.τὸ
612 263 718 334 γὰρ
746 284 942 373 κακον,
971 263 1045 326 ὡς
1065 263 1271 335 έώκει,
1272 235 1856 369 τοξεύματος-στάντος

117 404 294 489 Ηνέον
319 432 446 489 τινά
473 436 565 487 καὶ
591 433 905 502 ἀκμάζοντα
932 435 1373 532 διαχρήσασθαι,
1390 435 1517 487 τότε
1523 404 1637 487 καὶ
1657 435 1853 504 πλέον,

163 522 240 583 εἰς
267 518 509 589 γηραιὸν
547 523 705 586 σῶμα
744 516 837 572 καὶ
875 503 1243 586 ἀπεσκληκός
1260 517 1367 587 ἤδη
1406 521 1852 588 προσομιλῆσαν,

119 599 483 671 sdlgv'vepov'
455 602 493 672 η’
521 601 661 656 ὥστε
689 605 880 656 εἰπεῖν
894 606 1008 655 τῶν
1034 601 1415 671 καιριωτέρων
1440 606 1723 656 καθικετο.
1761 600 1856 657 καὶ
1894 617 1916 651 ⁵

161 690 223 742 τό
252 708 310 741 τε
338 687 486 758 ὄμμα
513 685 545 757 ἡ
572 691 873 756 πρεσβῦτις
900 688 1298 757 ἐνεπίμπρατο,
1339 685 1432 739 καὶ
1470 684 1536 739 τὰ
1571 688 1708 757 μέλη
1743 691 1860 742 τῶν

164 777 441 843 σπασμῶν
465 769 746 825 ἐνδόντων
770 771 910 840 πρὸς
936 771 998 825 τὸ
1021 771 1290 841 ἀκίνητον
1305 780 1555 838 παρεῖτο,
1583 771 1676 824 καὶ
1697 769 1860 840 χροιά

164 860 508 926 μελαίνουσα
545 854 649 925 τήν
690 854 1027 925 ἐπιφάνειαν
1068 856 1423 921 ἐπεπόλαζεν.
1488 853 1614 908 ἀλλ’
1641 847 1734 924 ἦν,
1773 851 1861 909 οἶ-

163 962 283 1013 μαι,
311 940 404 994 καὶ
430 942 772 1040 δηλητηρίου
809 939 957 1009 ψυχὴ
994 939 1198 1009 δολερά
1228 940 1580 1033 πικρότερον.
1644 937 1677 1008 ἡ
1717 942 1861 1008 γοῦν

169 1025 394 1095 Κυβέλη
423 1024 511 1078 καὶ
545 995 946 1095 ἐκθνησκουσα
973 1023 1041 1077 οὐ
1065 999 1292 1093 μεθιετο
1317 1028 1431 1076 τῶν
1456 1023 1860 1094 πανουργημά-
1877 1039 1916 1074 10

163 1130 298 1177 των,
327 1107 469 1163 ἀλλά
495 1130 562 1163 τα
597 1110 702 1177 μεν
729 1111 965 1179 νεύμασι
1002 1107 1087 1162 τὰ
1092 1098 1169 1162 δε
1206 1110 1717 1178 παραφθεγγομένη
1715 1102 1862 1162 ‘Xa-

167 1199 421 1264 ρίκλειαν
461 1191 605 1247 εἶναι
642 1191 748 1262 τήν
787 1186 1692 1262 ἐπιβουλεύσασατῖἐνεδείκνυτο.
1769 1193 1863 1247 καὶ

167 1278 311 1348 ὁμοῦ
335 1298 393 1332 τε
422 1275 454 1348 ἡ
480 1283 661 1347 γραῦς
686 1276 922 1332 ἀπέπνει
961 1279 1055 1331 καὶ
1078 1277 1111 1347 ἡ
1140 1280 1448 1347 Χαρίκλεια
1483 1279 1753 1346 δεσμῶτις
1781 1282 1865 1331 εἴ-

167 1383 311 1434 χετο,
340 1364 434 1415 καὶ
459 1361 611 1430 παρά
639 1363 743 1431 τήν
763 1361 1042 1432 Ἀρσάκην
1068 1359 1269 1415 αὐτίκα
1290 1360 1465 1430 ἤγετο.
1505 1366 1602 1430 τῆς
1627 1363 1690 1415 δὲ
1714 1380 1864 1415 πυν-

168 1449 490 1516 θανομένης
530 1449 580 1500 εἰ
615 1445 677 1500 τὸ
704 1448 1006 1516 φάρμακον
1043 1444 1181 1515 αὐτὴ
1222 1449 1534 1514 σκευάσειε,
1572 1446 1666 1499 καὶ
1705 1447 1756 1500 εἰ
1788 1443 1862 1514 μὴ
1880 1462 1916 1496 ιε

169 1533 433 1602 βούλοιτο
461 1532 648 1599 λέγειν
675 1530 934 1601 τάληθές,
963 1531 1305 1600 κολαστήρια
1331 1531 1424 1584 καὶ
1449 1529 1734 1597 βασάνους
1757 1527 1864 1583 ἀπ-

171 1617 458 1685 ειλούσης,
509 1615 708 1668 καινὸν
757 1610 830 1686 ἦν
875 1615 907 1685 ἡ
948 1619 1253 1683 Χαρίκλεια
1301 1625 1415 1676 τοῖς
1454 1612 1624 1684 ὁρῶσι
1661 1615 1861 1683 θέαμα.

170 1699 303 1755 οὔτε
330 1699 438 1768 γάρ
467 1704 839 1769 κατηφήσασα
878 1699 1009 1753 οὔτε
1043 1697 1238 1768 ἀγενές
1272 1719 1324 1752 τι
1362 1704 1646 1768 παθοῦσα,
1685 1700 1866 1767 γέλων

173 1785 438 1855 ἐφαίνετο
464 1782 556 1836 καὶ
583 1785 790 1852 χλεύην
816 1786 882 1836 τὰ
910 1784 1162 1853 παρόντα
1183 1787 1513 1852 ποιουμένη,
1538 1781 1732 1853 τό-μ-ὲν
1751 1780 1864 1838 ὑπὸ

174 1868 399 1938 ἀγαθοῦ
436 1871 539 1921 τοῦ
566 1869 894 1930 συνειδότος
917 1872 1013 1936 ’,τῆς
1040 1872 1424 1936 συκοφαντίας
1450 1869 1916 1938 ἀφροντιστοῦ-Ἇ]

172 1970 261 2021 σα,
298 1952 453 2006 vm
491 1956 765 2021 χαίρουσα
807 1955 855 2005 εί
882 1954 1195 2020 Θεαγένους
1234 1950 1420 2005 οὐκέτι
1460 1951 1867 2030 ὄντοςντεθνή-

173 2040 322 2103 ξεται
349 2037 442 2090 καὶ
471 2037 731 2105 κερδήσει
757 2036 819 2090 τὸ
848 2037 1043 2105 ἐναγὲς
1076 2040 1170 2105 τῆς
1206 2023 1547 2105 πράξεσιτοςξῖἶὸς
1573 2034 1704 2090 καθ’
1735 2036 1865 2090 ἑαυ-

172 2127 270 2191 τῆς
309 2121 544 2189 ἐγνώκει
583 2131 785 2189 ποιεῖν,
827 2095 1029 2190 ἑτέρων
1067 2124 1239 2189 τοῦτο>
1272 2120 1658 2193 δρασάντωνῖ)
1687 2121 1782 2173 καὶ
1819 2113 1865 2174 ὦ

173 2208 465 2274 θαυμασία
504 2207 642 2274 ἔφη,
691 2208 743 2258 εἰ
774 2206 878 2273 μὲν
926 2209 986 2275 ζῇ
1024 2205 1320 2274 Θεαγένης,
1373 2193 1675 2272 καθαρεῦω
1713 2202 1866 2274 κάγώ

174 2293 276 2344 τοῦ
315 2290 523 2358 φόνου·
564 2292 614 2341 εἰ
649 2290 714 2343 δέ
746 2310 797 2342 τι
836 2293 1122 2342 πέπονθεν
1160 2286 1269 2342 ὑπὸ
1317 2292 1429 2342 τῶν
1467 2293 1584 2341 σεὸν
1621 2286 1916 2342 ἀνοσίωνεε

147 2372 602 2444 λβουλευμάτων,
643 2372 812 2428 οὐδεν
851 2376 940 2427 δεῖ
973 2388 1061 2426 σοι
1099 2394 1211 2426 των
1249 2370 1368 2425 κατ’
1407 2372 1543 2442 ἐμοῦ
1579 2371 1865 2441 βασάνων.

177 2461 317 2528 ἔχεις
342 2477 408 2527 με
434 2455 538 2525 τὴν
566 2444 896 2527 φαρμακίδα
916 2452 1024 2526 τῆς
1038 2459 1131 2510 καὶ
1155 2459 1515 2526 θρεψαμένης
1536 2472 1598 2509 σε
1618 2455 1711 2509 καὶ
1728 2453 1869 2525 πρὸς

5 2527 18 2536 ⁶
41 2535 85 2575 Ψ
175 2541 243 2595 τά
282 2542 550 2596 κάλλιστα
575 2563 688 2594 των
707 2562 898 2611 εργων
916 2539 1384 2610 παιδευσαμένης.
1447 2539 1540 2593 καὶ
1574 2539 1868 2609 ἀπόσφατ-

176 2641 253 2680 τε
282 2625 356 2695 μὴ
403 2625 750 2695 μελλήσασα·
813 2624 981 2680 οὐδὲν
1029 2646 1139 2694 γαρ
1187 2623 1364 2687 οὕτως
1426 2626 1606 2692 εφίλει
1654 2623 1869 2691 Θεαγέ-

179 2731 278 2780 νης
317 2709 345 2762 ὁ
382 2713 496 2762 τῶν
535 2714 651 2763 σῶν
690 2708 918 2779 ἀνόμων
971 2709 1376 2778 βουλευμάτων
1425 2711 1659 2777 ἔννομος
1694 2705 1916 2777 ὑπερ-36

180 2797 364 2864 όπτης.

120 2881 153 2933 9
287 2880 515 2948 ἐξέμηνε
553 2876 618 2930 τά
660 2880 920 2961 εἰρημένα
957 2877 1062 2947 τήν
1096 2877 1388 2957 Ἀρσάκην,
1438 2876 1530 2930 καὶ
1569 2878 1865 2976 διαρραπι-

1534 2970 1627 2986 olm*
