1916 3132
702 127 899 174 ΔΕΚΑ
906 124 1047 173 ΤΟΝ
1639 121 1745 175 289

43 267 140 320 καὶ
166 263 306 335 πρὸς
332 262 598 332 ἑκατέρου
623 262 888 332 καθάπερ
926 259 1036 315 ὑπὸ
1073 260 1254 316 σάλου
1288 259 1744 331 μετασπωμένης,

45 352 324 404 τελευταῖν
361 346 578 419 ἡττήθη
615 351 712 417 τῆς
750 345 817 400 τὰ
855 347 1039 400 πάντα
1076 346 1322 417 νικώσης
1358 345 1602 415 φύσεως,
1652 346 1747 398 καὶ

46 432 227 504 πατὴρ
256 431 361 487 οὐκ
388 428 532 486 εἶναι
557 432 737 500 μόνον
764 430 1043 500 ἐπείθετο,
1074 429 1218 484 ἀλλὰ
1255 430 1350 484 καὶ
1376 430 1613 499 πάσχειν
1640 427 1746 483 ὅσα

46 519 230 588 πατὴρ
266 516 543 588 ἠλέγχετο.
619 518 711 569 καὶ
746 513 849 586 τὴν
875 520 1168 584 Περσϊναν
1195 520 1748 585 συγκατενεχθεῖσαν

0 621 11 655 5
46 606 115 674 τῇ
151 603 394 671 θυγατρὶ
436 602 529 655 καὶ
568 602 1215 670 συγκαταπεπλεγμένην
1252 598 1592 670 άνεγείρων,
1642 598 1748 654 οὐκ

48 689 218 741 ἔλαθε
255 688 350 740 καὶ
375 685 481 756 τήν
508 689 851 755 Χαρίκλειαν
879 670 1387 754 ἑναγκαλιζόμενοςῖ
1413 683 1506 739 καὶ
1533 685 1748 753 δακρύ-

48 773 392 842 ωιίὶὲπιρροῇ
420 768 664 840 πατρικοὶ
702 769 842 838 πρὸς
871 769 1052 841 αὐτὴν
1079 771 1476 840 σπενδόμενος.
1543 767 1612 824 οὐ
1637 768 1750 839 μὴν

48 857 128 919 εἰς
173 854 236 910 τὸ
286 857 555 918 παντελές
600 875 665 924 γε
715 855 1062 925 ἐξεκρούσθη
1101 858 1216 908 τῶν
1253 856 1567 925 πρακτέων,
1619 853 1748 908 ἀλλ’

49 939 240 1010 ὀλίγον
280 940 530 1010 ἐπιστάς,
578 941 678 995 τόν
716 959 774 994 τε
821 941 1009 1043 δῆμον
1051 940 1437 1004 κατοπτεύσας
1484 938 1592 994 ἀπὸ
1633 945 1752 994 τῶν

0 1044 32 1078 ιο
50 1030 189 1080 ἴσων
226 1029 432 1078 παθῶν
469 1025 868 1095 κεκινημένον,
917 1006 1012 1078 καὶ
1058 1023 1198 1126 πρὸς
1234 1024 1338 1094 τὴν
1376 1028 1752 1096 σκηνοποιίαν

47 1113 146 1179 τῆς
184 1111 350 1179 τύχης
396 1107 496 1179 ὑφ’
540 1108 749 1180 ἡδονῆς
786 1130 846 1163 τε
862 1108 993 1209 ,ἅμα
1032 1111 1124 1162 καὶ
1174 1109 1338 1164 ἐλέου
1377 1111 1750 1197 δακρύοντας,

45 1193 190 1265 ηχήν
238 1194 300 1247 τέ
333 1214 458 1248 τινα
506 1196 818 1248 θεσπεσίαν
856 1191 1011 1263 άχρις
1049 1194 1279 1263 αἰθέρος
1317 1200 1606 1264 αἰροντας,
1658 1194 1752 1248 καὶ

50 1278 183 1334 οὔτε
222 1280 488 1350 κηρύκων
527 1276 695 1380 σιγην
735 1279 1147 1333 ἐπιταττόντων
1183 1281 1483 1343 έπαῖοντας
1518 1278 1648 1334 οὔτε
1687 1280 1749 1334 τὸ

49 1359 330 1434 βούλημα’
330 1365 433 1417 τοῦ
458 1364 707 1432 ταράχου
733 1363 1030 1466 προδήλως
1052 1366 1444 1433 ἐκφαίνοντας,
1465 1363 1567 1435 τὴν
1591 1374 1752 1434 χεῖρα

0 1466 37 1503 1⁵
51 1451 350 1520 προτείνας
388 1448 480 1501 καὶ
520 1450 834 1501 κατασείων
863 1445 1012 1517 πρὸς
1047 1446 1291 1518 ἡσυχίαν
1324 1448 1387 1502 τὸ
1427 1450 1751 1504 κλυδώνιον

51 1538 154 1587 τοῦ
192 1535 378 1602 δήμου
417 1533 765 1602 κατέστελλε,
806 1532 899 1586 καὶ
938 1533 979 1586 ὦ
1007 1534 1295 1635 παρόντες
1322 1537 1532 1603 ἔλεγεν,
1574 1537 1756 1603 οίμὲν

51 1618 179 1672 θεοὶ
207 1617 417 1691 πατέρα
443 1637 528 1687 με,
568 1637 641 1679 ως
666 1615 831 1684 ὁρᾶτε
868 1618 961 1670 καὶ
988 1615 1238 1686 ἀκούετε,
1279 1615 1460 1689 πάσης
1489 1620 1753 1674 ἐπέκεινα

53 1703 397 1804 προσδοκίας
433 1681 755 1783 αέἕδειξαν,
805 1702 898 1755 καὶ
945 1703 1204 1773 θυγάτηρ
1255 1699 1405 1757 εἶναι’
1448 1724 1543 1772 μοι
1580 1703 1683 1774 ἥδε
1721 1703 1754 1774 ἡ

55 1788 195 1856 κόρη
216 1789 445 1849 πολλαις
462 1794 583 1849 ταῖς
603 1783 919 1850 ἀποδείξεσι
946 1790 1298 1857 γνωρίζεται·
1331 1786 1437 1856 ε’γω
1470 1789 1530 1843 δε
1550 1790 1754 1843 τοσαύ-

0 1891 160 1942 2οτην
197 1868 522 1972 ὐπ-ρβρλην
559 1873 980 1971 ποιοῦμαι-Ἶτ-ἧς
1000 1874 1078 1935 εἰς
1115 1870 1256 1942 ὑμᾶς
1292 1893 1351 1927 τε
1390 1872 1484 1926 καὶ
1522 1872 1627 1943 τὴν
1664 1873 1752 1927 έν-

57 1955 335 2024 εγκοῦσαν
382 1953 606 2024 εὐνοίας
652 1953 1012 2033 ω’στε<μικρᾶ
1061 1960 1369 2027 φροντίσας
1415 1961 1509 2011 καὶ
1555 1959 1758 2026 γένους

57 2040 320 2109 διαδοχῆς
346 2026 440 2093 καὶ
466 2040 727 2111 πατρῴας
753 2038 1134 2110 ἀνακλήσεως,
1172 2037 1208 2095 ὁὶ
1235 2041 1304 2112 δη
1331 2062 1515 2122 παντα
1541 2062 1636 2112 μοι
1664 2041 1757 2096 διὰ

56 2126 226 2194 τῆσδε
266 2127 495 2195 ἔμελλεν
515 2127 820 2228 ἔσεσθαί)
841 2131 999 2189 θεοις
1046 2127 1373 2196 ἱερουργεῖν
1392 2126 1557 2196 ὑπερ
1596 2147 1805 2197 υμων’·

61 2209 365 2279 ἐπείγομαι.
423 2208 538 2279 ὁρῶ
573 2211 677 2278 μὲν
707 2208 813 2278 γάρ
851 2208 998 2281 ὑμᾶς
1023 2212 1377 2281 δακρύοντας
1403 2213 1497 2266 καὶ
1524 2210 1756 2316 ἀνθρω-

0 2293 227 2358 {asnevdv
274 2314 327 2347 τι
373 2296 559 2357 πάθος
604 2293 1133 2364 άναδεδειγμένους,
1183 2298 1277 2350 και
1318 2298 1618 2360 ελεοῦντας
1654 2317 1759 2366 μεν

0 2414 2 2420 ·
59 2375 164 2447 τήν
191 2374 538 2448 ἀωρίανῑτῆς
573 2378 760 2449 κόρης,
802 2382 1099 2443 ἐλεοῦντας
1143 2382 1205 2434 δὲ
1232 2380 1325 2435 καὶ
1349 2402 1456 2482 την
1485 2379 1627 2452 ἐμὴν
1653 2379 1760 2451 μά-

61 2479 164 2532 την
190 2465 684 2534 προσδοκηθεισαν
709 2468 811 2518 τοῦ
835 2467 1039 2533 γένους
1064 2466 1360 2547 διαδοχήν·
1396 2464 1545 2536 ὅμως
1572 2464 1621 2518 δ’
1654 2485 1760 2518 ουν

64 2543 392 2644 &Qm
356 2548 449 2600 καὶ
488 2546 647 2617 ὑμων
695 2554 828 2613 ἰσως
872 2570 945 2619 μη
984 2520 1400 2619 βουλομένων,
1430 2555 1508 2620 τςό
1544 2553 1759 2653 πατρίῳ

65 2611 392 2686 πείθεσθαι
393 2633 567 2704 νόμῳ,
604 2652 718 2687 των
747 2635 907 2687 ἰδίων
934 2637 1253 2688 λυσιτελῶν
1273 2634 1336 2688 τὸ
1371 2639 1468 2704 τῆς
1493 2635 1762 2703 πατριδος

9 2689 417 2784 εἶιέπίπροσθεν
455 2716 814 2787 ποιούμενον.
893 2719 944 2771 εἰ
976 2719 1081 2787 μὲν
1118 2719 1224 2789 γὰρ
1264 2729 1380 2782 τοῖς
1415 2726 1573 2781 θεοῖς
1610 2717 1759 2771 οὕτω

68 2799 238 2867 φίλον
276 2798 418 2854 ὥστε
451 2802 799 2871 παρέχεσθαί
829 2822 889 2856 τε
915 2801 1027 2871 ἅμα
1054 2804 1148 2856 καὶ
1174 2803 1545 2873 ἀφαιρεῖσθαι
1572 2801 1760 2869 (τοῦτο

67 2879 176 2950 γὰρ
213 2879 318 2954 ἤδη
356 2885 529 2939 πάλαι
565 2907 622 2942 τε
663 2889 923 2942 πέπονθα
960 2891 1330 2958 γεννηθείσης
1356 2888 1449 2940 καὶ
1475 2887 1670 2954 πάσχω
1698 2883 1761 2938 τὸ

154 2988 368 3024 namon.
1362 2979 1422 3024 19
