1916 3132
139 79 240 132 100
802 87 1173 135 ΤΕΤΑΡΓΟΝ

134 223 211 290 τῷ
239 219 400 290 πόθῳ
428 220 601 274 πλέον
635 216 674 290 ἠ
712 222 1016 291 πρότερον,
1055 216 1226 288 αὖθις
1262 225 1461 278 ἰδοῦσα
1498 223 1600 278 τὸν
1629 226 1837 294 Θεαγέ-

134 323 257 373 νην.
319 302 352 373 ἡ
392 306 501 373 γὰρ
543 308 656 358 τῶν
694 305 982 375 ἐρωτικων
1019 306 1368 411 ἄντίβλεψμς
1366 290 1694 379 ὑπόμνησις
1734 313 1838 363 τοῦ

123 389 454 458 πάσχοντος
479 393 725 458 γίνεται,
763 391 858 444 καὶ
894 390 1204 461 ἄναφλέγει
1229 393 1336 462 τὴν
1361 394 1623 447 διάνοιαν
1651 391 1680 462 ἡ
1709 393 1836 462 θέα,

138 474 400 543 καθάπερ
441 472 548 543 ὕλη
588 475 726 544 πυρὶ
763 478 1049 546 γινομένη.
1114 474 1346 547 κάκείνη
1382 477 1487 546 μὲν
1523 478 1715 531 οἴκαδε
1742 477 1836 531 ἐλ-

137 562 327 612 θοῦσα
363 559 592 659 συνήθη
627 561 808 612 νύκτα
833 570 954 624 ταῖς
990 563 1288 631 προτέραις
1312 559 1348 631 ἢ
1375 563 1468 615 καὶ
1495 563 1838 631 δριμυτέραν

141 644 355 712 διῆγεν,
399 642 509 711 ἐγω
550 644 611 697 δὲ
649 636 821 707 αὖθις
858 643 1074 708 ἄυπνος
1110 647 1210 715 ῆν,
1249 646 1354 716 τήν
1391 666 1449 700 τε
1488 645 1683 716 φυγὴν
1709 644 1838 700 ὅποι
1870 696 1874 699 .

136 727 482 796 τραπόμενοι
509 730 786 799 λάθοιμεν
813 727 885 783 ἄν
913 731 1261 799 ἐπισκοπων,
1290 731 1382 784 καὶ
1408 731 1549 801 πρὸς
1573 735 1700 784 τίνα
1726 733 1838 800 χω’-

139 833 247 879 ραν
286 810 395 881 ἄρα
422 816 628 880 πέμποι
654 811 786 878 τοὺς
811 813 976 878 νέους
1002 812 1031 867 ὁ
1053 816 1189 878 θεὸς
1216 817 1452 869 ἐννοῶν.
1510 814 1611 869 τὸν
1637 816 1743 884 μὲν
1766 817 1836 886 δὴ

137 897 399 967 δρασμὸν
427 900 609 965 ἔγνων
635 898 776 952 κατὰ
806 900 1096 954 θάλατταν
1119 897 1264 954 εἶναι
1291 901 1571 970 ποιητέον,
1599 898 1710 954 ἀπὸ
1735 891 1839 954 τοῦ

137 987 394 1053 χρησμοῦ
419 984 482 1036 τὸ
508 992 779 1037 συνοῖσον
806 983 1016 1052 λαβών,
1056 986 1198 1037 ἔνθα
1225 987 1473 1052 ἔφασκεν
1500 981 1705 1046 αὐτοὺς
1730 989 1832 1038 κῦ-

69 1077 111 1132 5
137 1089 213 1138 μα
238 1068 508 1137 τεμόντας
533 1066 717 1131 ’ἔξεσθ’
743 1066 941 1137 ἠελίου
978 1067 1117 1137 πρὸς
1153 1070 1335 1137 χθόνα
1363 1069 1634 1139 κυανέην·
1685 1067 1748 1123 τὸ
1775 1069 1839 1124 δὲ

140 1152 266 1206 ὅποι
288 1154 724 1220 παραπεμπτέον
746 1151 978 1221 αὐτούς,
1006 1156 1142 1220 μίαν
1162 1150 1344 1222 μόνην
1361 1153 1531 1207 λύσιν
1552 1152 1837 1224 εὕρισκον,

138 1243 290 1307 εἴπῃ
318 1239 632 1307 δυνηθείην
662 1236 946 1306 ἐπιτυχεῖν
981 1241 1080 1306 τῆς
1104 1241 1539 1307 συνεκτεθείσης
1562 1242 1629 1308 τῇ
1661 1243 1834 1306 Χαρι-

136 1326 298 1393 κλείᾳ
323 1319 566 1391 ταινίας,
597 1322 660 1375 ἐν
685 1313 723 1391 ᾗ
749 1319 811 1374 τὸ
846 1320 967 1375 κατ’
999 1321 1178 1392 αὐτὴν
1205 1323 1450 1393 διήγημα
1477 1325 1839 1391 κατεστίχθαι

136 1405 169 1460 ὁ
207 1410 495 1476 Χαρικλῆς
531 1404 788 1476 ἀκηκοώς
825 1410 1044 1475 ἔλεγεν·
1095 1409 1244 1471 εἰκὸς
1279 1406 1388 1476 γὰρ
1427 1404 1572 1460 εἶναι
1609 1408 1703 1460 καὶ
1728 1426 1836 1461 πα-

139 1495 304 1561 τρίδα
331 1493 425 1544 καὶ
450 1488 581 1554 τοὺς
624 1488 1052 1561 ὑπονοηθέντας
1087 1490 1196 1562 ἤδη
1236 1490 1367 1561 παρ’
1398 1491 1536 1561 ἐμοῦ
1561 1491 1835 1559 γεννήτο-

140 1596 241 1645 ρας
271 1580 370 1646 τῆς
405 1576 577 1644 κόρης
615 1577 890 1630 ἐντεῦθεν
929 1576 1222 1646 ἐκμαθεῖν,
1259 1575 1354 1630 καὶ
1390 1581 1524 1638 ἴσως
1560 1576 1681 1629 ἐκεῖ
1701 1576 1839 1644 πέμ-

141 1667 352 1714 πεσθαι
378 1660 587 1722 αὐτοὺς
611 1658 723 1713 ὑπὸ
751 1665 849 1729 τῆς
870 1661 1219 1731 εἱμαρμένης.
1259 1659 1490 1731 ὄρθριος
1513 1663 1659 1730 γοῦν
1687 1658 1840 1730 παρὰ

138 1743 244 1814 τὴν
270 1748 618 1816 Χαρίκλειαν
644 1746 802 1815 ἥκων
839 1741 1046 1808 ἄλλους
1073 1765 1132 1799 τε
1166 1748 1279 1799 τῶν
1306 1747 1532 1798 οἰκείων
1556 1748 1838 1812 καταλαμ-

139 1832 299 1898 βάνω
339 1830 823 1900 δεδακρυμένους,
873 1829 965 1883 καὶ
1014 1828 1114 1898 οὐχ
1162 1829 1365 1897 ἥκιστα
1404 1831 1503 1882 τὸν
1539 1829 1838 1899 Χαρικλέα.

142 1914 455 1983 πλησιάσας
480 1908 606 1982 οὖν,
633 1917 715 1977 τίς
741 1911 770 1967 ὁ
796 1913 1074 1983 θόρυβος,
1102 1914 1408 1983 διηρώτων.
1450 1912 1480 1964 ὃ
1506 1915 1596 1981 δέ,
1627 1914 1841 1967 ἐπέτει-

142 2019 243 2052 νεν
282 1999 315 2068 ἡ
357 2001 554 2067 νόσος,
595 2001 734 2068 ἔφη,
773 2002 872 2067 τῆς
907 1999 1223 2067 θυγατρός,
1264 1997 1357 2051 καὶ
1395 1993 1842 2066 χαλεπωτέραςῆ

146 2083 429 2152 πρότερον
455 2088 785 2152 πεπείραται
810 2087 907 2151 τῆς
932 2081 1297 2152 παρηκούσης
1321 2082 1544 2143 νυκτός.
1609 2080 1838 2148 ἀνίστω,

139 2172 310 2239 ἔφην,
352 2169 443 2221 καὶ
472 2169 535 2221 οἰ
554 2168 741 2221 λοιποὶ
768 2167 972 2231 πάντες
998 2169 1152 2231 ἔξιτε.
1201 2166 1440 2237 τρίποδα
1465 2186 1547 2228 τις
1572 2167 1665 2218 καὶ
1690 2165 1840 2233 δάφ-

140 2273 253 2323 νην
279 2255 372 2306 καὶ
398 2255 515 2322 πῦρ
543 2250 636 2306 καὶ
662 2248 977 2321 λιβανωτὸν
999 2254 1348 2320 παραθέσθω
1374 2252 1570 2318 μόνον.
1612 2248 1839 2319 ὀχλείτω

144 2339 208 2393 δὲ
234 2339 375 2408 μηδὲ
404 2331 510 2407 εἷς,
538 2338 640 2399 ἕως
667 2336 739 2389 ἄν
767 2338 1248 2405 προσκαλέσωμαι.
1304 2336 1640 2403 προσέταττε
1665 2337 1841 2387 ταῦτα

144 2421 174 2475 ὁ
195 2424 516 2493 Χαρικλῆς,
539 2419 634 2474 καὶ
656 2421 893 2491 ἐγένετο.
935 2419 1172 2489 κάπειδὴ
1192 2423 1395 2490 σχολῆς
1416 2419 1717 2487 ἐλαβόμην,
1737 2415 1842 2487 ἠρ-

145 2508 325 2579 χόμην
351 2507 543 2577 ὥσπερ
569 2505 659 2560 ἐπὶ
685 2509 895 2575 σκηνῆς
920 2509 1017 2574 τῆς
1036 2502 1402 2572 ὑποκρίσεως,
1432 2504 1525 2556 καὶ
1543 2503 1645 2557 τόν
1669 2522 1728 2556 τε
1753 2504 1841 2555 λι-

145 2591 543 2667 βανωαᾎεθυ
588 2594 711 2657 ίων,
750 2594 850 2643 καί
868 2610 994 2643 τινα
1022 2591 1202 2658 δῆθεν
1228 2586 1497 2655 ψιθύροις
1520 2596 1638 2648 τοῖς
1662 2588 1841 2655 χείλε-

0 2865 90 2918 &A
150 2836 359 2914 BssTmf
369 2776 594 2916 'Etim-'Q
614 2824 774 2971 δὲῑγὲ

265 2921 490 2965 Cssgkfigffi

93 2920 324 3046 Χ,
413 2943 766 3052 ssgff’

0 2995 482 3132 &lumem

830 2844 949 2904 ”δες
975 2820 1444 2911 ἐπιχασμεόμενος
1455 2838 1556 2903 ὀψὲ
1582 2838 1675 2892 καὶ
1699 2793 1840 2906 βρα-

1866 1002 1906 1036 10

1869 1423 1908 1456 15
