1916 3132
96 3 105 12 ι
136 0 323 23 aura-‘vr‘
365 0 426 33 »χεν
452 0 641 31 lxm-vv·-

268 31 271 35 ·
448 32 461 48 ι·

180 91 282 145 168
907 93 1154 142 ΕΚΤΟΝ

179 250 270 300 χρι
294 234 392 301 τῆς
417 230 816 301 παρελθούσης
835 228 1154 333 ρμοκοιτος,
1182 232 1489 296 Χαρίκλεια
1514 231 1577 283 δὲ
1603 228 1697 284 καὶ
1723 231 1869 300 μόνη

179 316 275 368 καὶ
313 317 531 384 ἔρημος.
600 315 694 368 καὶ
728 334 797 368 ου
832 333 948 368 των
986 312 1071 367 ἐπ’
1112 313 1347 377 ἐκείνοις
1381 311 1516 383 ἡμῖν
1552 315 1781 415 μέμψις,
1825 306 1868 368 ὦ

178 402 316 470 τύχη
343 400 438 452 καὶ
477 401 764 468 δαίμονες,
804 393 949 451 αλλὰ
987 399 1079 451 καὶ
1113 416 1413 465 πραττοιεν
1438 398 1578 452 κατὰ
1610 398 1868 468 γνώμην·

179 488 294 538 τῶν
332 483 394 537 δὲ
431 482 563 536 καθ’
604 482 775 552 ἡμᾶς,
816 481 900 537 ὅτι
936 483 1076 552 μηδὲ
1112 486 1331 545 τούτοις
1365 480 1502 552 ἡμῖν
1537 482 1594 547 ἐξ
1622 487 1751 536 ἴσου
1777 483 1870 537 κέ·-

178 574 410 638 χρησθε.
475 567 621 621 οὕτω
647 566 710 621 τὸ
748 569 933 638 δρᾶμα
957 568 1022 621 τὸ
1048 568 1177 637 περὶ
1200 563 1343 636 ἡμᾶς
1370 568 1448 629 εἰς
1472 565 1715 674 ἄπειρον
1734 566 1871 638 έμη-
1898 590 1916 626 ⁵

179 651 404 720 κύνατε,
433 655 527 705 και
553 655 741 715 πᾶσαν
759 652 959 706 λοιπὸν
971 650 1195 721 σκηνὴν
1219 649 1689 720 ὑπερφθέγγεται.
1701 638 1869 706 αλλὰ

179 740 237 790 τί
258 741 435 790 ταῦτα
461 736 603 806 οἷωρὶ
629 727 1039 806 θεηλατοῦμαις
1077 738 1348 790 τελείσθω
1384 736 1478 787 καὶ
1513 755 1580 788 τα
1608 734 1730 805 ἑξῆς
1759 734 1870 806 ὅπῃ

178 830 296 884 τοῖς
319 826 477 884 θεοῖς
497 823 685 889 φίλον.
728 820 853 874 ἀλλ’
881 841 923 874 ω
951 818 1256 888 Θεαγενες,
1285 812 1329 872 ὦ
1357 819 1502 889 μόνη
1522 839 1616 889 μοι
1636 824 1871 887 γλυκεῖα

180 908 443 975 φροντίς,
492 906 543 958 εἰ
586 906 690 973 μὲν
740 905 1018 974 τέθνηκας
1055 906 1149 957 καὶ
1186 907 1352 957 τοῦτο
1390 907 1689 972 πεισθείην
1726 903 1760 957 ὃ
1795 905 1872 974 μή

179 1008 315 1043 ποτε
338 991 557 1059 γνοίην,
595 988 720 1042 τότε
756 990 858 1058 μέν
895 1002 985 1041 σοι
1023 998 1282 1041 συνεῖναι
1319 986 1422 1057 οὐχ
1456 984 1870 1058 ὑπερθήσομαι,
1901 1016 1916 1050 1

179 1072 242 1128 τὸ
282 1072 466 1142 παρὸν
504 1074 570 1126 δέ
603 1087 693 1126 σοι
729 1073 901 1126 τάσδε
939 1073 1187 1142 έπιφέρω
1226 1073 1375 1141 χοάς.
1413 1057 1531 1142 (καὶ
1557 1070 1671 1139 ἅμα
1693 1074 1873 1127 ἔτιλλε

179 1157 277 1222 τὰς
295 1161 486 1227 τρίχας
503 1156 597 1211 καὶ
616 1161 683 1228 τῇ
703 1160 868 1227 κλίνῃ
891 1148 1203 1230 ἐπέβαλλε)
1239 1157 1332 1209 καὶ
1359 1156 1530 1209 τάσδε
1552 1156 1751 1226 ἐπιχέω
1776 1154 1876 1220 τὰς

180 1240 431 1306 σπονδὰς
458 1244 522 1296 ἐκ
548 1244 663 1295 τῶν
689 1257 778 1294 σοι
805 1244 991 1311 φίλων
1019 1232 1349 1309 ὀφθαλμῶν.
1368 1242 1493 1307 (καὶ
1523 1239 1725 1294 αὐτίκα
1749 1240 1874 1294 διά-

180 1330 383 1396 βροχος
419 1320 549 1396 ἦνῆ
589 1327 852 1395 στρωμνὴ
891 1335 1006 1389 τοῖς
1043 1316 1346 1393 δάκρυσιν)
1402 1326 1455 1378 εἰ
1487 1326 1555 1379 δέ
1584 1344 1679 1393 μοι
1715 1343 1876 1394 περι-

182 1413 326 1481 σώζῃ
359 1414 545 1473 καλῶς
578 1429 643 1478 γε
668 1413 869 1479 ποιῶν,
909 1413 1081 1478 δεῦρο
1119 1411 1214 1462 καὶ
1250 1410 1877 1478 συνανάπαυσαι,ζφίλος
1906 1435 1916 1468 1

182 1494 323 1563 ὄναρ
360 1499 505 1562 γοῦν
543 1492 761 1562 ὀφθείς.
840 1495 1043 1563 φείδου
1082 1494 1144 1548 δὲ
1182 1495 1276 1547 καὶ
1311 1495 1439 1547 τότε
1476 1485 1520 1547 ὦ
1553 1488 1717 1561 ’γαθέ
1728 1534 1744 1562 ,
1783 1491 1878 1546 καὶ

182 1579 429 1648 φύλαττε
467 1567 680 1647 νομίμῳ
706 1579 865 1649 γάμῳ
890 1576 996 1647 τὴν
1034 1577 1143 1647 σὴν
1172 1578 1478 1647 παρθένον.
1542 1577 1668 1631 ἰδού
1694 1591 1758 1630 σε
1783 1576 1877 1630 καὶ

183 1662 658 1731 περιπτύσσομαι,
687 1671 948 1730 παρεῖναι
974 1662 1068 1714 καὶ
1094 1660 1234 1730 ὁρᾶν
1259 1659 1653 1731 ὑποτιθεμένη.

123 1749 156 1801 9
287 1747 381 1800 καὶ
419 1745 531 1814 ἅμα
558 1746 803 1813 λέγουσα
831 1745 1013 1815 ῥίπτει
1050 1744 1191 1798 κατὰ
1227 1749 1324 1813 τῆς
1361 1749 1555 1815 κλίνης
1582 1746 1674 1800 ἐπὶ
1699 1746 1877 1813 πρόσ-

185 1850 340 1884 ωπον
367 1828 572 1898 ἑαυτὴν
598 1829 836 1898 αθρόον,
877 1828 972 1882 καὶ
1005 1834 1380 1897 περιχυθεῖσα
1404 1830 1749 1931 περιέβαλλε
1774 1828 1872 1883 λύ-
1904 1857 1916 1889 2

53 1925 107 1951 Ὗ
182 1914 352 1981 ζουσα
379 1933 439 1967 τε
466 1914 558 1966 καὶ
584 1913 843 1982 βρύχιον
843 1912 1266 1980 α’ναστένουσα,
1307 1913 1411 1974 ἕως
1435 1910 1614 1981 αὐτὴν
1639 1911 1753 1967 ὑπὸ
1777 1917 1877 1981 τῆς

183 1995 327 2067 ἄγαν
365 1997 546 2068 λύπης
583 1996 754 2066 αχλύς
789 2017 849 2051 τε
887 1999 980 2050 καὶ
1019 2001 1230 2065 ἴλιγγος
1265 1994 1642 2065 ὑποδραμων,
1681 1995 1775 2049 καὶ
1811 1995 1874 2049 τό

183 2081 388 2151 νοερὸν
426 2086 522 2150 τῆς
559 2086 742 2151 ψυχῆς
779 2079 1061 2150 ζοφώσας,
1101 2082 1243 2149 πρὸς
1277 2079 1464 2134 ὕπνον
1490 2084 1695 2134 ἔλαθεν
1731 2078 1876 2133 ὑπο-

186 2165 378 2236 φέρων
404 2169 497 2219 καὶ
525 2167 604 2227 εἰς
628 2164 842 2235 ἡμέραν
867 2164 975 2234 ἤδη
1003 2163 1265 2233 λαμπρὰν
1291 2166 1553 2233 κατέχων.
1613 2163 1756 2219 ω’στε
1781 2164 1875 2218 καὶ

186 2247 221 2321 ὁ,
262 2250 574 2319 Καλασιρις
618 2249 951 2318 θαυμάζων,
1002 2249 1096 2302 καὶ
1145 2249 1297 2317 παρά
1331 2269 1397 2318 γε
1433 2247 1496 2302 τὸ
1537 2250 1737 2311 εἰωθὸς
1773 2246 1916 2317 οὐχι

185 2331 487 2403 ὁρωμένην,
504 2332 794 2402 ἐπιζητῶν,
824 2333 916 2386 ἐπὶ
941 2334 1043 2386 τὸν
1069 2329 1331 2402 θάλαμον
1357 2331 1701 2402 ἀφικόμενος
1719 2333 1880 2386 ἔπαιέ

184 2438 244 2472 τε
270 2418 658 2487 σφοδρότερον
682 2416 781 2479 τὰς
816 2417 1027 2487 θύρας,
1067 2417 1160 2470 καὶ
1188 2414 1454 2485 ὀνομαστὶ
1482 2419 1730 2484 συνεχῶς
1754 2421 1874 2470 Χα-

186 2504 440 2571 ρίκλειαν
466 2500 768 2554 ἀνακαλῶν
795 2499 1126 2570 ἀφύπνιζεν.
1182 2499 1219 2569 ἢ
1244 2500 1306 2552 δὲ
1331 2499 1470 2568 πρὸς
1494 2499 1557 2553 τὸ
1585 2500 1875 2568 αἰφνίδιον

183 2588 280 2653 τῆς
313 2585 562 2653 κλήσεως
588 2585 925 2654 διεταράχθη
953 2605 1039 2652 τε,
1078 2583 1284 2653 nal-*459
1308 2583 1635 2653 κατελήφθη
1662 2583 1874 2653 σχήμα-

183 2658 403 2733 τοςτῦέπὶ
437 2667 534 2731 τὰς
558 2669 743 2736 θύρας
779 2665 1068 2737 ὁρμήσασα
1086 2710 1088 2712 ψ
1106 2668 1207 2720 τόν
1232 2687 1292 2720 τε
1317 2667 1527 2737 μοχλὸν
1551 2667 1872 2736 παρήνεγκε
1899 2691 1916 2726 ³

185 2742 280 2805 καὶ
304 2750 445 2819 πρὸς
472 2753 694 2805 εἴσοδον
720 2755 795 2820 τῷ
822 2753 1112 2821 πρεσβύτῃ
1140 2737 1492 2805 διέστελλεν.ζ
1528 2749 1559 2803 ὃ
1594 2753 1656 2804 δὲ
1692 2749 1768 2812 ὦς
1793 2746 1874 2803 εἷ-

185 2837 248 2889 δε
272 2841 368 2906 τῆς
393 2856 452 2889 τε
478 2835 650 2904 κόμης
669 2836 730 2890 τὸ
761 2833 999 2889 ἄτακτον
1019 2833 1232 2888 καὶτὸν
1250 2838 1458 2903 χιτῶνα
1479 2834 1872 2902 κατερρωγότα

964 2937 966 2939 ,
1004 2928 1032 2937 a.

735 2936 755 2953 5-
775 2924 869 2970 0:74!-
884 2925 922 2944 '1⁸⁴¹'
