1916 3132
742 132 936 180 ΔΕΚΑ
943 130 1090 179 TON
1654 126 1761 179 285

60 272 316 340 βασιλεῦ,
358 267 463 322 δύο
498 265 596 331 τοὶς
620 269 885 337 μεγίστας
920 265 1232 331 ἀποδείξεις
1266 262 1406 334 οἶδε,
1447 265 1545 328 τάς
1576 284 1635 318 τε
1664 266 1757 334 ἐγ-

60 354 319 424 γῖῐὸἴιῑὸῦς
335 356 546 416 πίστεις
565 352 659 405 καὶ
675 353 774 414 τὰς
806 350 869 405 έκ
890 350 1197 423 μῖῐρῒύζῑων
1215 350 1563 421 βεβαιώσεις.
1592 346 1761 419 ἄμφω

62 451 153 492 σοι
177 441 279 491 τοῦ
303 436 563 507 θυγάτηρ
589 433 826 506 ὑμετέρα
855 432 999 490 εἶναι
1030 437 1357 506 παρέξομαι,
1379 433 1640 504 μάρτυρα
1658 434 1764 503 μὲν

64 520 166 592 οὐχ
202 523 303 577 ἕνα
339 525 455 576 τῶν
489 523 718 575 πολλῶν
746 517 878 574 ’ἀλλ’
906 518 1082 575 αὐτόν
1115 540 1179 589 γε
1218 521 1287 591 δὴ
1327 522 1429 575 τὸν
1467 518 1763 584 δικάζοντα

5 626 28 660 5
65 606 494 678 προκαλουμένη
531 607 784 678 (μεγίστη
830 603 885 657 δ’
923 607 1071 659 ἔοικε
1117 608 1194 676 τῷ
1239 606 1461 674 λέγοντι
1510 606 1694 666 πίστις
1731 599 1764 672 ἡ

64 695 168 747 τοῦ
203 693 530 754 διαιτώντος
566 693 817 760 γνῶσις),
857 688 1153 760 γράμματα
1193 691 1256 744 δὲ
1293 690 1428 743 τάδε
1464 687 1634 758 τύχης
1669 690 1767 758 τῆς

65 777 199 847 ἐμῆς
235 776 329 830 καὶ
367 773 529 844 ὑμῶν
567 774 878 845 διηγήματα
917 777 1312 844 προισχομένη.
1870 843 1881 846 -
1905 835 1916 837 ᾖ

169 858 261 914 καὶ
298 859 410 930 ἅμα
446 859 688 929 λέγουσα
724 858 826 929 τὴν
854 866 1297 913 συνεκτεθεϊσαν
1332 857 1503 929 ἑαυτῇ
1537 847 1775 932 ggggcfaff
1787 859 1852 912 13
1894 866 1909 879 '

63 940 175 998 ὑπὸ
212 947 281 1015 τῇ
315 943 516 1015 γαστρὶ
553 946 808 1015 φέρουσα
848 944 1141 1014 προύφερέ
1173 964 1252 1012 τε,
1294 942 1387 997 καὶ
1421 939 1796 1013 άνειλήσασα’”

10 1049 50 1083 10
66 1032 135 1100 τῇ
154 1031 407 1103 Περσίνῃ
435 1030 851 1099 προσεκόμιζεν.
890 1028 927 1099 ἢ
953 1029 1014 1082 δὲ
1043 1028 1235 1099 ἐπειδὴ
1263 1025 1326 1081 τὸ
1346 1031 1575 1097 πρώτον
1596 1023 1766 1096 εἶδεν,

66 1106 371 1185 ἀχανής3τε
409 1112 501 1166 καὶ
539 1104 985 1182 αὗοςζέγεγόνει,
1025 1115 1119 1166 καὶ
1144 1112 1355 1183 χρόνον
1384 1113 1474 1167 ἐπὶ
1502 1116 1769 1166 πλεῖστον

64 1197 133 1252 τὰ
161 1199 583 1268 ἐγγεγραμμένα
609 1201 677 1267 τῇ
700 1199 885 1268 ταινία
922 1197 1015 1251 καὶ
1039 1195 1143 1266 τὴν
1171 1197 1351 1267 κόρην
1376 1190 1550 1259 αὖθις
1577 1198 1642 1251 ἐν
1667 1196 1766 1265 μέ·-

69 1302 156 1352 ρει
192 1283 567 1353 περιεσκόπει.
633 1282 821 1353 τρόμῳ
858 1301 917 1335 τε
955 1284 1049 1334 καὶ
1087 1266 1633 1351 παλμῷθσυνείχετο,
1674 1280 1769 1334 καὶ

70 1367 264 1437 ἱδρώτι
292 1368 585 1436 διερρεῖτο,
623 1369 896 1435 χαίρουσα
937 1366 1041 1435 μὲν
1069 1364 1164 1434 ἐφ’
1195 1359 1278 1428 οἷς
1305 1364 1587 1437 εὕρισκεν,
1625 1365 1768 1436 άμη-

14 1468 56 1504 15
70 1454 322 1522 χανοῦσα
349 1451 411 1503 δὲ
431 1448 573 1518 πρὸς
597 1449 659 1504 τὸ
688 1450 825 1520 παρ’
851 1451 1082 1512 ἐλπίδας
1102 1449 1359 1519 ἄπιστον,
1387 1451 1679 1505 δεδοικυῖα
1706 1452 1768 1503 δὲ

68 1534 271 1617 QG}
302 1534 580 1589 Ὑδάσπου
627 1540 742 1588 τῶν
790 1537 1234 1605 φανερουμένων
1279 1532 1531 1601 ὑποψίαν
1568 1555 1628 1588 τε
1676 1534 1770 1588 καὶ

70 1619 364 1688 ἀπιστίαν,
416 1615 452 1689 ἢ
490 1619 583 1672 καὶ
622 1618 814 1689 ὀργήν,
854 1615 924 1673 ἂν
962 1618 1106 1673 οὕτω
1145 1621 1305 1690 τύχῃ,
1345 1620 1438 1674 καὶ
1475 1622 1767 1690 τιμωρίαν.
1783 1628 1816 1705 s

73 1703 214 1760 ὥστε
242 1703 335 1758 καὶ
360 1703 460 1757 τὸν
478 1703 758 1775 Ὑδάσπην
787 1705 1072 1774 ἐνορῶντα
1094 1706 1172 1767 εἰς
1196 1702 1259 1757 τὸ
1284 1705 1505 1774 θάμβος
1537 1703 1630 1758 καὶ
1667 1704 1770 1775 τὴν

75 1789 428 1859 συνέχουσαν
466 1785 734 1857 ἀγωνίαν,
775 1781 820 1842 ώ
856 1788 1046 1857 γύναι,
1087 1790 1283 1857 εἰπεῖν,
1323 1793 1379 1842 τί
1412 1793 1607 1859 ταῦτα,
1647 1789 1682 1861 ἢ
1718 1793 1776 1843 τί

18 1876 366 1936 εοπέπονθας
389 1873 530 1942 πρὸς
563 1872 671 1942 τὴν
696 1873 1071 1943 δεικνυμένην
1095 1874 1350 1944 γραφήν;
1390 1871 1429 1944 ἢ
1466 1876 1544 1943 δέ,
1584 1868 1628 1927 ώ
1664 1878 1775 1943 βα-

75 1962 253 2026 σιλεῦ,
293 1954 431 2026 εἷπε,
471 1957 565 2011 καὶ
591 1958 833 2011 δέσποτα
859 1957 952 2011 καὶ
979 1956 1132 2028 ἄνερ,
1173 1958 1314 2012 ἄλλο
1352 1960 1457 2028 μὲν
1493 1958 1665 2013 οὐδὲν
1700 1954 1771 2013 ἂν

76 2047 284 2111 εἴποιμι
320 2043 511 2110 πλέον,
552 2039 744 2111 λαβών
784 2043 846 2096 δὲ
885 2041 1265 2112 άναγίνωσκε·
1308 2044 1648 2106 διδάσκαλός
1685 2058 1774 2097 σοι

75 2124 355 2196 πάντωνῆ
378 2129 563 2181 ταινία
582 2126 893 2196 γενήσεται.
933 2127 1026 2180 καὶ
1055 2129 1329 2181 ἐπιδοῦσα
1349 2119 1517 2191 αὖθις
1539 2128 1772 2195 ἐσιώπα,

24 2234 27 2238 ·
77 2211 460 2282 κατηφήσασα.
486 2183 513 2285 s
519 2210 818 2281 δεξάμενος
843 2215 988 2280 γοῦν
1023 2209 1052 2265 ὁ
1079 2208 1375 2282 Ὑδάσπης,
1413 2214 1506 2266 καὶ
1534 2216 1775 2284 πλησιόν

0 2292 342 2366 Ξῷπαρεῖναι
367 2297 460 2349 καὶ
487 2282 1126 2366 ιῃζνὶεπιλέγεσθαῖτοὺς
1151 2297 1625 2368 Γυμνοσοφιστὰς
1662 2317 1776 2351 πα-
1851 2285 1901 2351 ,Λῖ

7 2404 37 2455 ’ς
81 2380 410 2452 ρακαλέσας,
450 2378 607 2451 ἐπῄει
642 2381 747 2451 τὴν
783 2383 1034 2450 γραφήν,
1075 2380 1255 2435 πολλοὶ
1282 2383 1387 2451 μὲν
1426 2381 1593 2447 αὐτὸς
1626 2388 1776 2435 θαυ-
1898 2368 1902 2376 ’

0 2461 37 2535 ξ
79 2462 285 2533 μάζων,
338 2462 519 2518 πολλοὶ
557 2465 619 2517 δὲ
658 2464 751 2518 καὶ
787 2462 889 2518 τὸν
927 2469 1290 2567 ξισιμ,,ίθρηνυ
1318 2468 1778 2537 ἐκπεπληγμένον

81 2545 176 2601 καὶ
210 2550 415 2617 μυρίας
450 2547 659 2619 τροπάς
694 2551 791 2617 τῆς
829 2550 1081 2613 διανοίας
1120 2551 1183 2605 ἐκ
1212 2572 1327 2606 των
1355 2552 1543 2617 ὄψεων
1572 2550 1777 2620 ἐμφαί-

82 2650 255 2685 νοντα
282 2629 450 2701 ὁρῶν,
492 2634 722 2702 συνεχές
758 2653 818 2687 τε
857 2636 936 2698 εἰς
974 2636 1076 2706 τὴν
1102 2641 1325 2690 ταινίαν
1353 2634 1445 2690 καὶ
1470 2634 1574 2705 τὴν
1600 2637 1776 2704 Χαρί-

2 2719 278 2791 γἐωκλειαν
326 2714 659 2786 ἀτενίζοντα.
733 2718 825 2772 καὶ
863 2720 1036 2789 τέλος,
1078 2720 1271 2791 ἐπειδὴ
1310 2721 1414 2791 τήν
1451 2740 1510 2773 τε
1548 2723 1779 2773 ἔκθεσιν

6 2868 13 2871 ᾖ
86 2796 356 2872 ἐδιδάχθη
382 2801 476 2854 καὶ
500 2802 606 2873 τὴν
633 2803 817 2856 αἰτίαν
842 2807 940 2872 τῆς
968 2805 1243 2869 ἐκθέσεως
1270 2802 1610 2873 ὁζᾝδάσπης,
1648 2799 1772 2854 ἄλλ’

31 2882 42 2960 Ἐ
85 2881 171 2937 ὅτι
206 2885 310 2954 μὲν
349 2886 550 2956 ἐτέχθη
587 2906 682 2957 μοι
721 2888 860 2957 κόρη
888 2908 987 2956 τις,
1029 2892 1155 2959 ἔφη,
1194 2889 1473 2958 γινώσκω,
1515 2888 1607 2940 καὶ
1634 2886 1780 2939 άπο-
