1916 3132
137 79 205 132 88
866 83 1125 131 TPITON

137 216 315 283 ξύλου
340 221 543 287 κλῆσιν
567 217 690 287 ἥκει
718 218 930 288 φέρων,
971 215 1045 280 ὠς
1070 221 1199 272 λίαν
1221 216 1703 288 ’ἀπροσδιόνυσος,
1741 218 1836 275 καὶ

137 306 315 356 ταῦτα
351 299 853 372 ὑποβεβρεγμένος.
931 301 1058 356 ἀλλ’
1099 309 1293 372 ἴωμεν,
1343 301 1418 367 ὥς
1463 306 1584 367 δέος
1629 307 1702 374 μὴ
1742 305 1836 359 καὶ

140 384 358 457 πληγὰς
382 386 517 457 ἡμῖν
544 388 840 458 ἐμφορήσῃ
867 391 1164 441 τελευτῶν.
1223 385 1295 441 σύ
1331 388 1435 457 μὲν
1471 391 1699 456 παίζεις,
1739 394 1836 444 ἴω·-

140 490 245 541 μεν
283 470 338 524 δ’
367 465 494 538 οὖν,
536 474 698 541 ἔφην.
757 472 877 526 ἐπεὶ
903 473 966 525 δὲ
995 473 1322 542 ἐπέστημεν,
1363 472 1565 527 ἑαυτοῦ
1600 475 1840 541 πλησίον

141 556 241 610 τὸν
267 556 550 626 Χαρικλέα
589 559 919 610 κατέκλινεν
958 554 987 610 6
1016 556 1322 627 Θεαγένης,
1362 559 1523 626 ἔνεμε
1560 557 1622 611 δὲ
1648 555 1759 626 ἄρα
1784 577 1839 612 τι
1875 577 1896 609 5

142 639 308 710 κάμοὶ
346 644 506 709 τιμῆς
541 643 643 693 τοῦ
668 642 1015 708 Χαρικλέους
1051 642 1234 694 ἕνεκα.
1309 640 1376 695 τά
1412 642 1515 710 μὲν
1553 632 1658 695 οὖν
1693 640 1838 694 ἄλλα

142 728 241 794 τῆς
268 723 501 794 εὐωχίας
527 727 586 777 τί
607 724 679 777 ἀν
714 727 896 793 λέγων
933 727 1249 795 ἐνοχλοίην,
1290 723 1420 789 τούς
1455 726 1841 796 παρθενικούς

139 809 376 879 χορούς,
403 807 503 873 τάς
529 807 896 878 αὐλητρίδας,
924 808 1028 878 τὴν
1056 809 1323 863 ἐνόπλιον
1346 813 1459 863 τῶν
1487 812 1721 880 ἐφήβων
1745 809 1840 864 καὶ

141 896 442 962 πυρρίχιον
471 893 722 963 ὄρχησιν,
743 885 920 947 τάλλα
949 887 1033 956 οἷς
1057 893 1120 947 τὸ
1147 895 1449 957 πολυτελὲς
1468 898 1582 948 τῶν
1602 894 1839 963 ἐδεσμά-

140 997 256 1032 των
289 975 318 1031 ὁ
355 978 636 1048 Θεαγένης
674 977 960 1048 διῄτησεν,
1002 977 1267 1048 εὐόμιλόν
1303 999 1362 1032 τε
1399 979 1493 1032 καὶ
1531 981 1898 1048 ποτιμώτε-ιο

145 1083 250 1132 ρον
286 1063 350 1117 τὸ
390 1063 710 1131 συμπόσιον
749 1061 1219 1133 ἀπεργαζόμενος·
1260 1061 1387 1115 ἀλλ’
1417 1062 1454 1115 ὁὶ
1491 1061 1559 1131 δὴ
1598 1063 1841 1131 μάλιστα
1894 1099 1897 1102 Δ

146 1151 242 1201 σοί
262 1166 322 1201 τε
347 1147 581 1200 ἀκούειν
607 1146 920 1215 ἀναγκαῖον
948 1147 1077 1215 ἐμοί
1107 1167 1166 1200 τε
1204 1148 1390 1215 λέγειν
1425 1145 1610 1215 ἥδιον,
1652 1149 1843 1202 ἐκεῖνα

141 1225 231 1301 ἦν.
274 1229 304 1284 6
333 1231 617 1300 Θεαγένης
645 1233 1003 1286 ἐνεδείκνυτο
1029 1233 1136 1299 μὲν
1163 1230 1357 1299 ἱλαρὸς
1383 1227 1528 1285 εἶναι
1553 1232 1647 1284 καὶ
1672 1235 1844 1301 φιλο-

146 1321 488 1386 φρονεῖσθαι
526 1313 658 1378 τούς
695 1319 981 1383 παρόντας
1020 1316 1281 1385 ἐβιάζετο,
1318 1312 1579 1384 ἡλίσκετο
1615 1315 1678 1368 δὲ
1702 1314 1844 1383 πρὸς

147 1401 285 1468 ἐμοῦ
311 1398 414 1469 τὴν
441 1399 701 1453 διάνοιαν
729 1399 857 1453 ὅποι
883 1402 1131 1470 φέροιτο,
1171 1404 1282 1453 νῦν
1316 1399 1421 1468 μὲν
1445 1398 1508 1453 τὸ
1537 1397 1687 1469 ὄμμα
1709 1397 1842 1469 ἠνε-
1874 1418 1914 1451 15

146 1485 426 1554 μωμένος,
465 1488 579 1536 νῦν
617 1484 678 1537 δὲ
716 1485 932 1552 βύθιόν
968 1505 1020 1538 τι
1045 1487 1138 1537 καὶ
1166 1482 1597 1553 ἀπροφάσιστον
1623 1484 1842 1538 ἐπιστέ·

146 1588 284 1637 νων,
324 1569 418 1621 καὶ
455 1566 583 1635 ἄρτι
608 1569 715 1637 μὲν
741 1567 992 1637 κατηφής
1018 1588 1077 1622 τε
1117 1567 1213 1622 καὶ
1251 1567 1443 1637 ὥσπερ
1483 1566 1573 1622 ἐπ’
1604 1569 1844 1638 ἐννοίας,

148 1651 276 1722 ἄρτι
314 1652 378 1705 δὲ
417 1652 637 1720 ἀθρόον
677 1653 768 1706 ἐπὶ
805 1651 869 1705 τὸ
898 1654 1276 1721 φαιδρότερον
1302 1650 1507 1706 ἑαυτὸν
1531 1653 1847 1721 μεταπλάτ-

147 1757 284 1805 των,
322 1736 514 1803 ὥσπερ
544 1736 603 1790 ἐν
631 1739 1005 1805 συναισθήσει
1030 1738 1325 1805 γινόμενος
1350 1738 1445 1790 καὶ
1473 1735 1678 1791 ἑαυτὸν
1702 1731 1845 1790 ἀνα-

150 1822 501 1889 καλούμενος
527 1822 619 1873 καὶ
645 1820 789 1888 πρὸς
814 1824 1003 1873 πάσαν
1037 1820 1356 1889 μεταβολήν
1391 1821 1598 1891 ῥᾳδίως
1627 1817 1903 1891 ὑποφε-το

153 1905 403 1974 ρόμενος.
443 1906 665 1958 διάνοια
690 1904 797 1973 γὰρ
826 1905 1069 1971 ἐρῶντος
1095 1903 1289 1972 ὅμοιόν
1313 1924 1363 1957 τι
1391 1902 1486 1957 καὶ
1509 1906 1844 1973 μεθύοντος,

153 1989 464 2058 εὕτρεπτόν
489 2009 548 2042 τε
574 1987 666 2042 καὶ
704 1986 975 2058 οὐδεμίαν
1008 1988 1182 2058 ἕδραν
1218 1988 1581 2057 ἀνεχόμενον,
1621 1987 1716 2042 ἅτε
1751 1991 1849 2057 τῆς

155 2078 338 2143 ψυχῆς
375 2074 710 2144 ἀμφοτέροις
749 2071 840 2142 ἐφ’
868 2070 1050 2142 ὑγροῦ
1087 2075 1191 2125 τοῦ
1227 2072 1449 2135 πάθους
1473 2072 1843 2142 σαλευούσης·

155 2155 243 2212 διὸ
271 2160 362 2212 καὶ
390 2157 531 2228 πρὸς
555 2158 737 2227 μέθην
764 2154 793 2210 6
821 2157 970 2228 ἐρῶν
995 2158 1090 2211 καὶ
1116 2156 1256 2226 πρὸς
1280 2156 1342 2210 τὸ
1372 2157 1510 2226 ἐρᾶν
1548 2156 1577 2210 6
1615 2157 1848 2225 μεθύων

156 2246 442 2312 ἐπίφορος.
1862 2259 1905 2290 25

74 2331 133 2382 ll
262 2325 338 2390 ὥς
364 2327 424 2380 δὲ
453 2327 544 2379 καὶ
573 2305 1207 2395 χάσμης’ἀδημονούσηξ
1233 2324 1527 2387 ἀνάπλεως
1565 2324 1847 2392 ἐφαίνετο,

156 2414 283 2466 τότε
322 2409 392 2478 δὴ
430 2411 525 2463 καὶ
562 2420 678 2472 τοῖς
714 2409 907 2473 ἄλλοις
943 2415 1057 2463 τῶν
1095 2411 1396 2478 παρόντων
1433 2407 1744 2478 κατάδηλος
1776 2401 1848 2478 ἦν

157 2493 262 2564 οὐχ
309 2491 610 2571 ὑγιαίνων·
664 2493 806 2547 ὥστε
851 2495 943 2548 καὶ
990 2493 1089 2547 τὸν
1125 2495 1407 2562 Χαρικλέα
1445 2495 1850 2562 καθεωρακότα

115 2632 134 2654 ,Ι
158 2577 279 2633 ἀλλ’
310 2574 348 2647 ἢ
382 2578 446 2631 τὸ
471 2575 802 2646 ἀνωμαλον,”
825 2576 1009 2648 ἡσυχῇ
1034 2580 1175 2645 πρός
1199 2596 1268 2647 με
1294 2577 1622 2649 εἰπεῖνῃκαὶ
1647 2581 1848 2631 τοῦτον

122 2656 125 2664 '
159 2666 445 2732 βάσκανος
472 2659 622 2716 εἶδεν
648 2661 963 2731 ὀφθαλμός,
991 2663 1084 2715 καὶ
1108 2659 1313 2714 ταύτόν
1337 2679 1431 2729 μοι
1458 2662 1617 2713 δοκεῖ
1635 2674 1905 2714 πεπον-ῧο

158 2749 325 2802 θέναι
361 2749 431 2817 τῇ
455 2750 775 2816 Χαρικλείᾳ.
834 2745 1061 2814 ταύτόν,
1100 2748 1245 2815 ἔφην
1285 2745 1414 2812 ἐγώ,
1454 2742 1525 2813 νὴ
1563 2742 1664 2813 τὴν
1690 2736 1848 2813 Ἶσιν,

162 2830 352 2901 ὀρθῶς
389 2850 447 2884 τε
483 2829 578 2885 καὶ
616 2829 720 2883 οὐκ
760 2828 1096 2907 ἀπεικότως,
1138 2834 1291 2896 εἴπερ
1330 2830 1424 2880 καὶ
1465 2827 1528 2880 ἐν
1565 2831 1632 2898 τῇ
1657 2831 1850 2899 πομπῇ
1890 2842 1898 2848 ’

668 2914 850 2948 κῃγιυΐί·
