1916 3132
800 136 1186 185 AEYTEPON
1763 131 1832 184 75

128 282 280 348 γειλε
317 275 419 347 τὸν
455 274 809 346 ἀρχιθέωρον
845 277 960 327 τῶν
986 274 1281 327 Αἰνιάνων
1320 269 1411 326 ἐπὶ
1448 271 1658 341 θύραις
1696 270 1831 327 ὄντα

129 363 301 418 πάλαι
338 363 604 430 διοχλεῖν,
643 358 739 413 καὶ
764 361 1114 427 παρακαλεῖν
1139 355 1242 411 τὸν
1271 356 1418 424 ἱερέα
1445 365 1709 426 παρεῖναι
1735 356 1829 411 καὶ

127 447 428 517 κατάρχειν
452 449 567 499 τῶν
596 445 780 513 ἱερῶν.
840 443 981 512 ἐμοῦ
1007 444 1068 496 δὲ
1097 443 1369 512 ἐρομένου
1396 439 1498 494 τὸν
1524 444 1828 511 Χαρικλέα,

128 535 278 595 τίνες
314 531 376 584 oc
404 532 671 592 Αἰνιᾶνες
708 529 744 598 ἢ
781 531 864 591 τίς
900 525 933 597 ἡ
969 530 1186 595 θεωρία
1224 528 1318 579 καὶ
1353 524 1428 595 ἢν
1467 523 1670 594 ἄγουσι
1717 533 1831 580 θυ-

75 635 98 668 5
131 619 281 685 σίαν,
320 618 382 668 oc
399 617 503 684 μὲν
533 616 825 682 Αἰνιᾶνες,
863 615 1000 682 ἔφη,
1032 614 1371 680 Θετταλικῆς
1399 610 1517 663 ἐστὶ
1542 615 1742 679 μοίρας
1767 610 1829 664 τὸ

125 699 526 769 εὐγενέστατον
579 701 672 752 καὶ
721 696 969 768 ἀκριβῶς
1014 696 1363 766 Ἑλληνικόν,
1413 693 1510 763 ἀφ’
1555 694 1829 766 ’Έλληνος

124 787 230 839 τοῦ
248 787 670 852 Δευκαλίωνος,
698 783 760 837 τὸ
787 783 892 851 μὲν
919 780 1060 835 ἄλλο
1086 786 1164 853 τῷ
1190 783 1473 852 Μαλιακςό
1499 779 1690 852 κόλπῳ
1719 798 1826 834 πα-

123 869 544 939 ρατεινόμενον,
593 869 941 938 μητρόπολιν
988 867 1050 920 δὲ
1098 865 1525 934 σεμνυνόμενον
1568 862 1829 943 Ὑπάταν,

123 952 199 1017 ὥς
222 955 327 1024 μὲν
353 952 516 1008 αὐτοὶ
540 953 867 1022 βούλονται,
895 950 1006 1004 ἀπὸ
1033 951 1134 1004 τοῦ
1158 953 1274 1003 τῶν
1301 948 1496 1025 ἄλλων,
1516 947 1840 1005 ὑπατεύειν

53 1057 94 1092 ¹0
123 1039 218 1092 καὶ
255 1036 447 1108 ἄρχειν
495 1036 920 1107 ὠνομασμένην,
967 1033 1041 1099 ὣς
1087 1037 1150 1088 δὲ
1196 1034 1404 1104 ἑτέροις
1450 1037 1633 1103 δοκεῖ,
1685 1037 1830 1090 διότι

122 1141 230 1193 περ
248 1120 383 1202 ,ὑπὸ
422 1127 491 1193 τῇ
523 1115 764 1192 Oz'vp‘svgfi
804 1120 922 1189 ὄρει
961 1121 1316 1192 κατῴκισται.
1378 1117 1410 1189 ἡ
1440 1120 1502 1174 δὲ
1527 1123 1708 1174 θυσία
1735 1122 1829 1175 καὶ

119 1206 153 1276 ἡ
183 1210 419 1276 θεωρία,
447 1207 845 1275 τετραετηρίδα
873 1208 1107 1275 ταύτην,
1150 1203 1242 1258 ὅτε
1267 1223 1371 1271 περ
1401 1204 1494 1258 καὶ
1521 1203 1550 1258 6
1582 1209 1830 1260 Πυθίων

121 1290 279 1360 άγεόν
327 1294 468 1359 (ἔστι
519 1291 580 1344 δὲ
629 1294 758 1357 νῦν,
811 1288 885 1353 ὥς
931 1286 1157 1359 οἶσθα),
1206 1290 1526 1358 πέμπουσιν
1563 1293 1832 1355 Αἰνιᾶνες

121 1374 498 1447 Νεοπτολέμῳ
523 1378 601 1446 τῷ
629 1373 941 1441 Ἀχιλλέως·
987 1377 1240 1429 ἐνταῦθα
1275 1372 1386 1443 γὰρ
1427 1376 1829 1446 ἐδολοφονήθη

56 1480 98 1513 15
125 1458 265 1528 πρὸς
290 1457 481 1522 αὐτοῖς
505 1468 621 1522 τοῖς
646 1464 748 1512 τοῦ
777 1462 1010 1513 Πυθίου
1045 1463 1255 1530 βωμοῖς
1290 1458 1391 1512 ὑπ’
1425 1456 1689 1527 Ὀρέστου
1725 1463 1830 1514 τοῦ

119 1543 542 1614 Ἀγαμέμνονος.
590 1541 624 1614 ἡ
653 1545 714 1597 δὲ
740 1547 853 1597 νῦν
876 1548 1094 1613 θεωρία
1121 1546 1213 1597 καὶ
1241 1547 1571 1597 πλεονεκτεῖ
1589 1542 1690 1607 τᾶς
1726 1543 1828 1597 ἄλ-

122 1632 246 1692 λας·
290 1627 627 1698 Ἀχιλλείδης
674 1626 782 1698 γὰρ
822 1625 967 1683 εἶναι
1006 1627 1342 1699 σεμνύνεται
1381 1625 1410 1680 6
1448 1631 1545 1698 τῆς
1580 1632 1827 1700 θεωρίας

121 1712 387 1783 ἐξάρχων.
464 1714 776 1782 συνέτυχον
812 1711 922 1783 γὰρ
960 1717 1030 1783 τῇ
1066 1716 1372 1784 προτεραίᾳ
1410 1717 1487 1782 τῷ
1525 1716 1825 1785 νεανίσκῳ,

122 1801 224 1851 καί
272 1817 366 1868 μοι
420 1795 647 1867 άληθῶς
702 1799 858 1862 ἔδοξε
911 1808 1027 1860 τοῖς
1078 1797 1440 1867 Ἀχιλλείδαις
1497 1799 1829 1868 έμπρέπειν·

53 1901 95 1934 20
125 1881 378 1945 τοιοῦτός
415 1881 532 1936 ἐστι
569 1880 674 1951 τὴν
711 1881 941 1952 μορφὴν
979 1881 1071 1936 καὶ
1104 1885 1375 1944 τοσοῦτος
1402 1883 1547 1935 ἰδεῖν
1570 1880 1633 1936 τὸ
1662 1884 1827 1952 μέγε-

120 1973 251 2036 θος,
288 1964 361 2031 ὥς
387 1969 661 2036 βεβαιοῦν
685 1971 753 2037 τῇ
780 1969 888 2036 θέα
913 1966 975 2021 τὸ
1002 1970 1180 2036 γένος.
1235 1969 1373 2035 ἐμοῦ
1399 1968 1462 2021 δὲ
1487 1968 1826 2036 θαυμάσαν-

120 2070 231 2120 τος,
272 2050 367 2104 καὶ
403 2054 523 2114 πῶς
556 2052 849 2106 Αἰνιάνων
885 2052 1086 2120 γένους
1131 2052 1431 2120 τυγχάνων
1456 2051 1836 2122 ἶΑχιλλείδηιΙ

121 2133 324 2190 ἑαυτὸν
362 2133 697 2206 ἀναγορεύει
734 2137 1023 2207 φήσαντος
1061 2134 1115 2205 (ἡ
1157 2134 1266 2204 γὰρ
1298 2135 1546 2205 Ὁμήρου
1584 2141 1687 2191 τοῦ
1714 2139 1824 2191 Αἰ-

119 2223 365 2289 γυπτιόυ
413 2223 633 2290 ποίησις
678 2219 778 2275 τὸν
821 2219 1382 2290 ἈχιλλέαςΦθιι-ότηύ
1421 2221 1824 2291 ἐνδείκνυται),

27 2323 93 2377 v25
122 2302 152 2358 6
188 2305 294 2373 μὲν
330 2307 654 2374 νεανίσκος,
695 2308 801 2375 ἔφη
842 2304 870 2359 6
898 2309 1213 2375 Χαρικλῆς,
1255 2306 1349 2359 καὶ
1376 2303 1691 2375 ὁλοσχερῶς
1716 2309 1827 2360 Αἰ-

119 2392 290 2443 νιᾶνα
325 2386 471 2443 εἶναι
507 2388 608 2443 τὸν
643 2389 802 2459 ἥρωα
840 2391 1244 2459 διαγωνίζεται,
1282 2388 1386 2459 τήν
1415 2390 1583 2444 Θέτιν
1623 2392 1687 2445 ἐκ
1724 2394 1827 2444 τοῦ

122 2477 426 2528 Μαλιακοῦ
473 2476 692 2528 κόλπου
739 2474 1028 2545 γήμασθαι
1064 2479 1142 2546 τῷ
1179 2478 1367 2544 Πηλεῖ
1399 2475 1494 2528 καὶ
1533 2478 1725 2529 Φθίαν
1762 2475 1825 2528 τὸ

122 2555 251 2627 περὶ
275 2557 380 2612 τὸν
405 2557 621 2612 κόλπον
645 2563 849 2613 τοῦτον
873 2558 1249 2630 ὀνομάζεσθαι
1275 2559 1450 2612 πάλαι
1472 2558 1823 2628 διατεινόμε-

122 2660 248 2710 νος,
284 2639 417 2706 τοῦς
443 2643 505 2697 δὲ
531 2643 741 2708 ἄλλους
767 2642 842 2698 δι’
870 2643 1132 2709 εὐδοξίαν
1157 2649 1259 2698 τοῦ
1286 2643 1495 2714 ἀνδρὸς
1521 2644 1827 2714 ἐφελκομέ-

51 2741 95 2778 30
126 2744 264 2787 νους
289 2724 508 2791 ἑαυτοῖς
546 2729 972 2793 ἐπιψεύδεσθαι.
1030 2727 1125 2782 καὶ
1162 2728 1347 2791 ἄλλως
1385 2730 1447 2782 δὲ
1485 2728 1691 2783 ἑαυτὸν
1730 2730 1826 2796 ε’γ-

121 2811 334 2879 γράφει
371 2812 490 2875 τοῖς
518 2814 839 2882 Αἰακίδαις,
877 2814 1207 2913 Μενέσθιῖν
1246 2812 1450 2867 ἑαυτοῦ
1490 2814 1826 2880 προπάτορα

26 2902 36 2952 ζ
126 2893 482 2965 καταφέρων,
520 2894 622 2950 τὸν
651 2901 966 2967 Σπερχειοῦ
1007 2899 1182 2951 παῖδα
1219 2898 1313 2952 καὶ
1339 2896 1693 2965 Πολυδώρας
1730 2897 1826 2966 τῆς
