1916 3132
663 128 819 199 'CAR
850 152 1191 198 XXI-xxim
1627 215 1630 219 ¹
1718 150 1788 203 63

95 277 192 330 uix
231 295 262 330 a
298 275 499 346 lupulis
539 292 796 328 conseruo
835 274 1131 345 Thessalis,
1176 274 1319 327 hunc
1365 272 1548 326 alitem
1585 271 1788 325 factum

97 351 193 404 ubi
233 368 498 420 quaeram,
536 350 740 418 quando
777 349 1019 403 uidebo?

208 423 408 478 XXIH.
448 422 543 476 ‘At
572 423 706 476 mihi
745 423 919 476 scelus
951 424 1096 476 istud
1136 422 1405 492 depellant
1436 421 1672 475 caelites’
1712 422 1787 474 in-

0 506 10 554 )
99 517 261 569 quam
301 499 382 552 ‘ut
420 516 519 568 ego
559 498 805 567 quamuis
844 498 1015 566 ipsius
1056 498 1264 567 aquilae
1314 497 1560 550 sublimis
1598 495 1787 549 uolati-

0 598 2 629 ;
53 599 75 631 5
97 574 200 626 bus
230 577 347 627 toto
386 572 530 626 caelo
569 572 787 641 peruius
828 576 882 624 et
914 573 1150 641 supremi
1180 570 1327 624 Iouis
1359 575 1535 624 certus
1567 571 1787 623 nuntius

99 648 189 701 uel
226 647 397 700 laetus
437 646 670 717 armiger
699 650 879 699 tamen
917 665 1026 699 non
1067 647 1132 698 ad
1171 665 1349 698 meum
1389 645 1633 698 nidulum
1663 649 1788 714 post

99 722 249 775 illam
286 722 572 791 pinnarum
613 721 931 790 dignitatem
983 721 1208 774 subinde
1258 719 1531 773 deuolem!
1601 719 1786 772 adiuro

98 815 195 866 per
233 795 441 848 dulcem
480 795 645 848 istum
677 795 859 864 capilli
898 795 980 847 tui
1011 795 1286 863 nodulum‚
1326 813 1431 863 quo
1463 813 1642 846 meum
1674 794 1789 846 uin-

97 870 228 923 xisti
278 870 555 940 spiritum,
607 888 693 922 me
742 869 946 922 nullam
997 869 1157 922 aliam
1211 887 1330 921 mea
1381 867 1563 921 Fotidi
1615 868 1788 922 malle.

29 970 76 1003 10
97 948 226 998 tunc
251 945 412 998 etiam
437 941 583 997 istud
605 944 739 997 meis
764 944 1183 1014 cogitationibus
1209 943 1455 1012 occurrit,
1479 962 1599 996 cum
1626 943 1791 996 semel

99 1037 252 1072 auem
276 1018 438 1072 talem
462 1022 752 1088 perunctus
776 1019 1014 1086 induero,
1054 1019 1243 1071 domus
1276 1018 1451 1070 omnis
1482 1017 1670 1086 procul
1701 1036 1786 1071 me

98 1093 269 1147 uitare
317 1093 520 1146 debere.
598 1111 759 1162 quam
804 1093 1028 1162 pulchro
1084 1092 1226 1146 enim
1278 1111 1544 1161 quamque
1590 1092 1787 1145 festiuo

98 1171 373 1220 matronae
397 1167 739 1236 perfruentur
771 1171 1007 1220 amatore
1038 1167 1273 1219 bubone!
1326 1166 1456 1235 quid
1480 1166 1624 1236 quod
1654 1167 1786 1219 istas

98 1246 386 1295 nocturnas
441 1260 567 1294 aues
622 1260 742 1294 cum
797 1241 1197 1310 penetrauerint
1248 1240 1416 1293 larem
1468 1241 1789 1310 quempiam,

30 1340 76 1374 15
100 1316 330 1369 sollicite
368 1316 657 1386 prehensas
696 1316 903 1369 foribus
941 1316 1186 1368 uidemus
1220 1315 1383 1384 adfigi
1415 1318 1490 1384 ut,
1531 1315 1674 1384 quod
1711 1315 1787 1367 in-

95 1390 290 1443 faustis
328 1390 599 1443 uolatibus
638 1390 871 1443 familiae
911 1390 1184 1442 minantur
1215 1389 1455 1458 exitium,
1494 1389 1605 1441 suis
1636 1389 1789 1442 luant

99 1465 436 1517 cruciatibus,
513 1464 605 1518 sed
646 1465 788 1533 quod
827 1465 1087 1517 sciscitari
1125 1482 1291 1533 paene
1329 1463 1642 1533 praeteriui‚
1681 1482 1787 1533 quo

99 1539 242 1592 dicto
290 1539 501 1592 factoue
543 1557 757 1591 rursum
812 1539 989 1591 exutis
1039 1538 1276 1607 pinnulis
1331 1537 1439 1590 illis
1495 1538 1560 1590 ad
1610 1556 1788 1590 meum

96 1613 282 1666 redibo
319 1613 603 1665 LuciumP'

30 1711 76 1744 20
212 1687 381 1740 ‘Bono
421 1687 600 1740 animo
641 1706 696 1740 es
736 1687 879 1756 quod
918 1687 985 1739 ad
1021 1687 1182 1739 huius
1214 1686 1291 1739 rei
1323 1704 1504 1738 curam
1536 1686 1788 1755 pertinet’

100 1761 189 1813 ait.
260 1762 403 1814 ‘nam
442 1761 577 1814 mihi
616 1761 832 1814 domina
870 1761 1082 1831 singula
1119 1761 1457 1829 monstrauit,
1497 1780 1631 1830 quae
1670 1780 1787 1829 pos·

98 1839 225 1888 sunt
263 1854 448 1888 rursus
487 1835 544 1888 in
574 1835 737 1888 facies
768 1835 1048 1888 hominum
1079 1835 1214 1888 tales
1249 1836 1450 1905 figuras
1482 1835 1787 1888 reformare.

96 1928 194 1962 nec
249 1910 394 1962 istud
446 1909 647 1963 factum
701 1913 857 1979 putes
906 1910 1018 1962 ulla
1065 1909 1430 1963 beniuolentia
1483 1910 1576 1962 sed
1629 1913 1691 1961 ut
1737 1910 1785 1962 ei

95 1983 339 2037 redeunti
402 1984 608 2037 medela
664 1983 867 2037 salubri
919 2003 1131 2054 possem
1187 1984 1491 2036 subsistere.
1607 1987 1789 2052 specta

29 2079 76 2117 25
99 2057 324 2127 denique
364 2076 524 2128 quam
554 2058 736 2128 paruis
769 2077 1035 2128 quamque
1066 2058 1339 2110 futtilibus
1370 2061 1521 2110 tanta
1552 2077 1636 2110 res
1668 2077 1786 2126 pro-

99 2136 312 2185 curetur
348 2131 607 2186 herbulis:
648 2133 830 2185 anethi
868 2133 1137 2186 modicum
1177 2152 1297 2186 cum
1336 2132 1474 2184 lauri
1512 2132 1658 2184 foliis
1691 2132 1786 2184 im-

96 2206 317 2259 mistum
356 2225 475 2260 rore
513 2207 734 2259 fontano
775 2207 931 2260 datur
967 2207 1240 2260 lauacrum
1280 2210 1334 2259 et
1371 2206 1659 2276 poculum.'

207 2279 433 2333 XXIIII.
508 2280 656 2334 Haec
706 2281 996 2334 identidem
1044 2282 1360 2334 adseuerans
1408 2299 1616 2333 summa
1667 2300 1786 2333 cum

32 2405 36 2408 ,
97 2354 452 2423 trepidatione
503 2355 699 2424 inrepit
746 2356 1050 2409 cubiculum
1105 2359 1158 2408 et
1211 2355 1463 2424 pyxidem
1519 2355 1785 2424 depromit

0 2447 78 2495 ,ρο
99 2427 290 2480 arcula.
342 2447 502 2498 quam
534 2447 632 2499 ego
666 2430 941 2499 amplexus
975 2449 1035 2483 ac
1067 2429 1404 2482 deosculatus
1436 2430 1586 2498 prius
1619 2433 1784 2498 utque

30 2506 36 2524 ²
98 2500 233 2553 mihi
255 2503 522 2571 prosperis
554 2503 758 2556 faueret
789 2504 931 2557 uola-
966 2505 1037 2574 [p.
1056 2504 1246 2573 53.E.]
1279 2504 1425 2556 tibus
1459 2504 1785 2572 deprecatuS,

101 2660 168 2705 sic
206 2674 355 2706 meme
395 2678 431 2718 φ
485 2662 642 2707 sicane
680 2678 754 2708 me
794 2666 822 2708 ὃ
877 2663 942 2708 sic
981 2664 1278 2708 inermem—
1296 2667 1407 2708 tunc
1448 2664 1610 2708 alitem
1642 2663 1784 2719 Beyte

100 2725 126 2764 2
159 2720 348 2776 quando
378 2720 550 2766 uidebo
581 2724 744 2780 scripsi
795 2723 968 2768 uidebo
1001 2724 1189 2779 quando
1228 2724 1312 2778 Fq>
1368 2737 1482 2783 qnq3
1512 2722 1683 2788 uidebo
1716 2723 1785 2778 dg

100 2784 128 2823 3
160 2780 230 2838 at]
263 2781 346 2823 aut
375 2779 458 2834 qu
513 2795 541 2824 a
570 2795 644 2826 me
677 2782 827 2826 scelus
859 2785 889 2827 ὃ
1009 2789 1035 2826 9
1068 2783 1245 2826 Flotidi
1276 2785 1554 2828 cdd.10
1592 2780 1783 2824 meis-—

101 2837 303 2883 occurrit
333 2839 431 2883 cdd.
485 2838 580 2883 tuis
612 2844 825 2886 occurrat
855 2843 1015 2887 Rohde
1066 2841 1195 2885 istud
1210 2855 1268 2888 ποι*
1284 2842 1399 2886 meis
1439 2842 1474 2884 F
1595 2844 1650 2882 25
1689 2839 1782 2883 fut⁴

98 2896 265 2942 ‘bilibus
282 2898 317 2941 F
408 2902 464 2942 26
487 2897 695 2943 herbulis
713 2901 844 2958 Lips.
862 2903 920 2957 ef.
939 2906 1008 2946 55.
1020 2906 1076 2947 30
1115 2900 1317 2946 herculis
1335 2902 1433 2946 cdd.
1530 2903 1597 2942 26.
1617 2903 1670 2942 27
1698 2898 1782 2942 im-

15 2947 40 3007 ἶ
99 2955 311 3015 mistum]
343 2956 602 3001 immissum
630 2961 729 3005 cdd.
