1916 3132
814 115 1115 164 ΠΡΩΤΟΝ
1741 113 1811 168 39

113 254 434 307 πισθέντων
471 248 508 322 ἦ
545 261 766 322 μικροῖς
805 251 1217 321 ἐπετύγχανον,
1273 257 1411 305 εἴτι
1450 253 1543 306 καὶ
1583 256 1808 320 περιλέ-

114 340 303 391 λειπτο
329 333 469 390 κατὰ
496 335 557 390 τὸ
586 336 864 406 σπήλαιον
890 334 1002 390 ὑπὸ
1032 341 1100 406 τῇ
1127 340 1198 406 γῇ
1228 338 1651 406 κρυπτόμενον,
1693 342 1809 406 πῦρ

114 419 206 476 ἐπὶ
243 421 340 484 τὰς
377 419 587 491 σκηνάς
626 420 994 489 ἐμβαλόντες,
1043 420 1280 489 ἑσπέρας
1317 419 1424 491 ἤδη
1465 421 1811 493 προσιούσης

112 508 201 559 καὶ
231 506 415 575 φόβον
443 507 839 575 ἐγκαταμεῖναι
866 509 932 576 τῇ
959 504 1112 577 νήσῳ
1140 507 1526 576 παρεχούσης,
1568 508 1681 561 δέει
1708 513 1809 562 τοῦ

61 615 82 647 5
111 591 183 659 μὴ
214 593 527 659 λοχηθῆναι
553 591 694 659 πρὸς
729 595 844 644 τῶν
878 591 1234 658 διαδράντων
1273 591 1365 645 ἐπὶ
1401 590 1534 654 τοὺς
1567 594 1811 657 οἰκείους

111 673 498 778 ἀπεχώρησαν.

217 757 250 829 ἡ
278 760 383 828 μὲν
420 757 485 827 δὴ
516 762 688 828 νῆσος
715 754 825 813 ὦδε
854 759 1254 829 ἐπυρπολειτο,
1294 759 1426 824 τοῦς
1452 762 1513 814 δὲ
1541 760 1700 863 ἀμφὶ
1711 760 1809 816 τὸν
1837 767 1880 815 Β

113 844 399 914 Θεαγένην
453 844 544 897 και
593 841 692 897 τὸν
731 845 1042 914 Κνήμωνα,
1082 845 1185 907 ε’ως
1221 845 1325 915 μὲν
1362 846 1520 916 ἥλιος
1556 847 1629 915 ήν
1667 844 1808 915 ὑπὲρ

110 932 236 998 γῆν,
265 925 327 982 τὸ
355 927 531 982 κακὸν
562 929 882 982 ἐλάνθανεν
909 927 964 998 (ἦ
1000 928 1107 997 γὰρ
1145 927 1325 998 πυρὸς
1360 928 1488 996 ὄψις
1515 931 1806 1001 ἀμαυροῦ-

38 1032 80 1066 ιο
112 1034 199 1067 ται
227 1011 301 1066 δι’
330 1010 564 1083 ἡμέρας,
605 1010 717 1066 ὑπὸ
755 1016 870 1067 τῶν
896 1012 1141 1067 ἀκτίνων
1167 1019 1267 1067 τοῦ
1294 1018 1438 1068 θεοῦ
1465 1020 1809 1084 καταυγαζο-

108 1083 290 1167 μένη),
333 1096 524 1167 ἐπειδὴ
564 1099 625 1151 δὲ
665 1099 765 1152 ἔδυ
805 1099 897 1150 καὶ
938 1101 1116 1151 νύκτα
1155 1100 1455 1169 ἐπήγαγεν,
1495 1099 1531 1170 ἤ
1569 1121 1627 1154 τε
1667 1098 1808 1170 φλὸξ

109 1181 477 1252 ἀπρόσμαχον
523 1179 627 1251 τὴν
675 1180 857 1251 αὐγὴν
903 1180 1273 1251 ἀπολαβοῦσα
1323 1185 1417 1236 καὶ
1464 1186 1807 1252 πορρωτάτω

108 1268 450 1337 διεφαίνετο,
491 1266 656 1319 αὐτοί
687 1286 746 1319 τε
783 1271 884 1319 τοῦ
931 1267 1095 1330 ἕλους
1132 1271 1199 1337 τῇ
1248 1267 1412 1321 νυκτὶ
1457 1273 1809 1338 θαρροῦντες

108 1354 466 1419 προέκυψαν,
508 1350 601 1404 καὶ
640 1355 911 1419 λαμπρῶς
947 1351 1056 1421 ἤδη
1085 1349 1189 1420 τὴν
1227 1357 1405 1422 νῆσον
1432 1350 1542 1406 ὑπὸ
1569 1358 1668 1406 τοῦ
1698 1373 1803 1406 πυ-

38 1453 78 1488 15
109 1435 205 1503 ρὸς
232 1437 505 1505 ἐχομένην
533 1434 722 1505 ὁρῶσι.
765 1436 857 1489 καὶ
885 1433 913 1488 6
938 1437 1043 1504 μὲν
1067 1439 1346 1506 Θεαγένης
1373 1441 1556 1491 παίων
1582 1439 1686 1507 τήν
1714 1458 1806 1492 κε-

109 1518 297 1590 φαλὴν
324 1521 417 1573 καὶ
444 1523 650 1573 τίλλων
676 1518 772 1584 τὰς
796 1524 986 1590 τρίχας
1003 1563 1017 1589 ,
1060 1522 1321 1591 ἐρρίφθω
1338 1563 1352 1590 ,
1391 1525 1593 1592 φησίν,
1632 1520 1660 1575 6
1687 1525 1808 1590 βίος

109 1607 186 1668 εἰς
213 1603 316 1675 τὴν
342 1605 609 1674 τήμερον·
660 1604 892 1673 η’νύσθω
931 1606 1194 1659 λελύσθω
1223 1608 1436 1676 πάντα,
1475 1608 1646 1675 φόβοι
1684 1610 1806 1660 κίν-

108 1691 272 1743 δυνοι
311 1690 612 1758 φροντίδες
661 1690 883 1753 ἐλπίδες
933 1694 1148 1758 ἔρωτες.
1233 1696 1442 1760 οἴχεται
1481 1695 1804 1760 Χαρίκλεια,

109 1773 391 1843 Θεαγένης
417 1771 688 1826 ἀπόλωλε.
738 1775 921 1843 μάτην
948 1772 977 1828 6
1005 1773 1285 1844 δυστυχὴς
1312 1775 1494 1839 δειλὸς
1533 1777 1806 1847 ἐγενόμην

35 1877 77 1910 20
107 1856 198 1911 καὶ
226 1854 480 1928 δρασμὸν
505 1855 753 1928 ὑπέστην
781 1857 1085 1928 ἄνανδρον,
1125 1863 1240 1928 σοι’,
1278 1864 1533 1928 γλυκεῖα,
1563 1862 1804 1930 περισω-

107 1948 213 2010 ζων
242 1943 503 2011 ἐμαυτόν.
543 1941 611 1996 ού
637 1938 748 2013 μὴν
775 1946 855 1997 ἐτι
882 1945 1216 2013 σωθήσομαι
1242 1948 1365 2014 σοῦ,
1394 1946 1660 2016 φιλτάτη,
1690 1966 1805 2000 κει-

106 2029 308 2098 μένης,
348 2027 484 2080 οὐδὲ
521 2031 597 2100 τῷ
638 2032 809 2099 κοινῷ
847 2033 945 2097 τῆς
983 2028 1208 2096 φύσεως
1247 2030 1418 2101 νόμω,
1458 2030 1520 2084 τὸ
1548 2032 1800 2099 χαλεπω-

106 2132 296 2180 τατον,
338 2109 469 2166 οὐδὲ
499 2113 564 2166 ἐν
602 2111 795 2181 χερσὶν
822 2111 1209 2183 ἀπολιπούσης
1235 2112 1335 2167 τὸν
1360 2117 1489 2183 βιόν
1517 2108 1604 2178 αἷς
1631 2114 1805 2185 ἠβου-

109 2197 302 2266 λήθης.
362 2194 504 2248 ἀλλά
533 2198 731 2265 πυρός,
759 2202 926 2266 οἰμοι,
955 2199 1189 2266 γέγονας
1215 2197 1515 2267 ἀνάλωμα,
1545 2201 1805 2263 τοιαύτας

35 2297 78 2330 25
109 2282 200 2336 ἐπὶ
239 2281 330 2334 σοὶ
379 2281 672 2349 λαμπάδας
719 2279 844 2333 ἀντὶ
894 2287 1008 2334 τῶν
1057 2286 1361 2352 νυμφικῶν
1399 2288 1499 2337 τοῦ
1540 2287 1806 2355 δαίμονος

32 2377 37 2382 ’
107 2364 376 2428 ἅψαντος·
427 2365 520 2418 καὶ
557 2364 935 2434 δεδαπάνηται
970 2366 1032 2419 τὸ
1061 2366 1116 2430 ἐξ
1145 2365 1473 2436 ἀνθρώπων
1502 2370 1707 2433 κάλλος
1734 2366 1806 2432 ὣς

106 2450 245 2519 μηδὲ
295 2453 567 2511 λείψανον
609 2453 707 2519 τῆς
755 2447 1040 2513 ἀψεύδους
1087 2448 1427 2521 ὦραιότητος
1465 2452 1558 2507 διὰ
1597 2457 1804 2522 νεκροῦ

106 2537 252 2602 γοῦν
289 2531 700 2603 ὑπολελεῖφθαι
738 2537 838 2587 τοῦ
876 2535 1140 2603 σώματος.
1200 2531 1245 2588 ω’
1272 2541 1368 2606 τῆς
1403 2535 1686 2607 ω’μότητος
1712 2537 1804 2591 καὶ

109 2621 204 2687 τῆς
243 2616 489 2687 ἀρρήτου
528 2621 631 2671 τοῦ
671 2619 937 2686 δαίμονος
974 2622 1307 2688 βασκανίας·
1369 2622 1811 2692 προσαφῄρηταί

37 2715 80 2766 30
110 2721 178 2771 με
217 2701 308 2755 καὶ
346 2701 412 2754 τά
452 2706 744 2756 τελευταῖα
784 2706 1129 2771 περιβαλεῖν.
1198 2703 1447 2773 ἐσχάτων
1474 2705 1803 2775 φιλημάτων

109 2787 202 2839 καὶ
240 2785 476 2855 ἀψύχων
510 2785 920 2855 ἀπεστερήθην,

216 2870 309 2924 καὶ
335 2874 511 2924 ταῦτα
538 2872 798 2939 λέγοντος
824 2871 916 2923 καὶ
942 2868 1004 2923 τὸ
1033 2870 1192 2940 ξίφος
1220 2878 1727 2940 περισκοποῦντος,
1763 2870 1792 2926 6
1830 2874 1864 2924 2
