1916 3132
119 112 190 166 68
783 117 1165 164 ΔΕΥΤΕΡΟΝ

117 255 214 315 λος
241 251 335 306 καὶ
361 251 606 320 ποταμὸς
633 249 780 306 εἶναι
806 250 913 305 οὐκ
939 250 1218 322 ἀνέχεται,
1247 253 1389 308 ἀλλὰ
1415 255 1812 319 κατεξανίστα-

115 355 206 389 ται
230 340 328 406 τῆς
354 334 554 407 ὄχθης,
593 335 687 390 καὶ
722 337 1100 400 θαλασσεόσας
1124 337 1229 406 τήν
1254 343 1549 408 Αἴγυπτον
1574 343 1642 409 τῇ
1668 357 1813 409 παρἡ

116 422 233 492 όδῳ
257 431 499 491 γεωργεῖ
518 419 615 484 τὰς
650 420 914 489 ἀρούρας.
981 419 1070 473 διὸ
1103 430 1255 475 πιεῖν
1288 423 1350 475 τέ
1383 425 1501 477 ἐστι
1525 425 1811 492 γλυκύτα-

116 526 211 570 τος
237 505 334 560 ἅτε
362 506 418 571 ἐξ
458 503 684 575 ὄμβρων
710 503 998 574 οὐρανίων
1030 507 1471 576 χορηγούμενος,
1507 506 1601 560 καὶ
1623 512 1815 576 θιγεῖν

116 594 595 660 προσηνέστατος,
634 588 822 644 οὐκέτι
847 591 951 659 μὲν
974 590 1188 659 θερμὸς
1214 588 1287 653 ὠς
1312 589 1453 645 ὅθεν
1475 590 1704 661 ἤρξατο,
1731 594 1813 646 ἔτι
1843 615 1863 648 5

118 676 180 728 δὲ
206 674 432 744 χλιαρὸς
452 673 526 739 ὥς
554 674 781 728 ἐκεῖθεν
809 673 1131 743 ἀρξάμενος.
1185 673 1263 728 δι’
1284 673 1357 744 ἣν
1383 677 1567 730 αἰτίαν
1592 676 1687 728 καὶ
1711 675 1812 744 μό-

117 779 215 823 νος
242 764 510 830 ποταμῶν
536 758 713 828 αὔρας
740 757 844 812 οὐκ
872 757 1209 827 ἀναδίδωσι,
1249 763 1474 824 πάντως
1509 758 1602 829 ἄν,
1640 758 1715 824 ὦς
1753 758 1816 813 τὸ

120 844 288 912 εἰκός,
317 843 585 912 άναδούς,
616 845 668 896 εἰ
677 884 692 912 ,
722 845 915 906 καθώς
938 862 1090 906 τινες
1118 844 1538 913 ἐβουλήθησαν,
1567 842 1642 908 ὥς
1666 861 1812 897 πυν-

116 929 397 998 θάνομαι,
437 932 551 981 τῶν
589 925 727 998 παρ’
755 926 1023 996 ’Ἐλλησιν
1051 925 1384 997 εὐδοκίμων,
1424 930 1614 997 χιόνος
1647 947 1816 998 τηκο-

119 1016 289 1082 μένης
323 1010 385 1066 τό
421 1014 696 1083 πλήρωμα
734 1012 1029 1082 ἐλάμβανε.
1845 1035 1887 1070 10

32 1100 102 1152 29
229 1098 406 1151 ταῦτά
444 1117 553 1167 μου
592 1095 687 1150 καὶ
721 1117 787 1150 τα
813 1101 1047 1150 τοιαῦτα
1080 1096 1410 1165 διεξιόντος,
1452 1096 1482 1151 6
1509 1095 1690 1167 ἱερεύς
1713 1100 1816 1151 τοῦ

119 1186 353 1236 Πυθίου
378 1183 659 1252 γνώριμος
699 1181 822 1252 ἐμοὶ
854 1200 1102 1250 γεγονως
1141 1182 1198 1243 ἐς
1233 1183 1301 1234 τὰ
1339 1182 1576 1250 μάλιστα
1613 1185 1818 1259 (Χαρι-

111 1271 256 1341 κλης
295 1266 475 1335 όνομα
513 1270 586 1336 ἠν
626 1260 835 1339 αύτω),
884 1267 1243 1335 θαυμασίως,
1293 1268 1428 1336 ἐφη,
1479 1268 1684 1336 λέγεις,
1722 1269 1818 1339 καὶ

119 1351 295 1422 ταύτῃ
319 1352 386 1419 τῇ
410 1352 606 1421 γνωμῃ
633 1354 858 1420 τίθεμαι
885 1351 977 1404 καὶ
1004 1347 1199 1418 αὐτός,
1228 1348 1377 1403 οὕτω
1404 1350 1499 1404 καὶ
1524 1351 1676 1420 παρα
1701 1370 1817 1404 των

123 1438 187 1490 ἐν
212 1437 609 1498 Καταδούποις
637 1436 834 1503 ἱερέων
870 1438 971 1488 τοῦ
999 1436 1215 1487 Νείλου
1249 1435 1586 1504 πυθόμενος.
1661 1433 1814 1504 κάγω
1845 1456 1887 1490 15

121 1519 262 1587 πρὸς
300 1519 496 1588 αὐτόν,
536 1513 580 1572 ὦ
621 1523 951 1590 Χαρίκλεις,
993 1521 1166 1588 ἔφην,
1205 1513 1379 1587 ἦλθες
1415 1518 1522 1587 γὰρ
1561 1517 1814 1590 κάκεῖσε;

120 1597 324 1673 ἦλθον,
366 1601 540 1672 εἶπεν,
581 1596 628 1656 ὦ
654 1605 796 1672 σοφὲ
823 1604 1119 1672 Καλάσιρι.
1178 1605 1237 1655 τί
1259 1604 1325 1655 δέ
1346 1617 1410 1657 σε
1433 1605 1592 1674 χρέος
1615 1601 1813 1674 ἤγαγες

122 1689 295 1741 πάλιν
319 1686 573 1757 ἠρώτων.
638 1683 668 1740 ὃ
695 1690 783 1756 δέ,
824 1688 1143 1755 δυσπραξία
1168 1689 1281 1739 τῶν
1316 1687 1456 1741 κατὰ
1480 1687 1585 1758 τὴν
1610 1689 1814 1756 οἰκίαν,

122 1771 491 1842 ἀπεκρίνατο,
538 1770 576 1840 ἢ
627 1771 696 1839 δή
745 1792 839 1840 μοι
886 1772 979 1825 καὶ
1029 1769 1330 1839 εὐπραξίας
1379 1774 1527 1825 αἰτία
1562 1774 1814 1841 γέγονεν.

125 1858 265 1925 ἐμοῦ
290 1857 352 1909 δὲ
379 1855 443 1909 τὸ
469 1857 793 1925 παράδοξον
818 1854 1240 1924 θαυμάσαντος,
1269 1853 1338 1908 ού
1363 1856 1658 1926 θαυμάσῃ,
1687 1859 1814 1926 ἔφη,
1846 1877 1888 1910 20

123 1940 186 1994 τὸ
225 1945 475 2009 πρᾶγμα,
515 1938 589 2003 ὥς
623 1941 855 2008 γέγονεν
895 1941 946 1992 εἰ
980 1938 1207 1993 πύθοιο.
1267 1939 1446 2011 πεύσῃ
1474 1940 1536 1992 δὲ
1563 1939 1701 1994 ὅταν
1727 1954 1819 1994 σοι

125 2027 456 2095 βουλομένῳ
482 2025 724 2094 γένηται.
778 2022 989 2077 οὐκοῦν
1014 2022 1132 2093 ὥρα
1158 2038 1249 2076 σοι
1274 2025 1479 2093 λέγειν,
1504 2016 1578 2093 ἧν
1604 2023 1659 2077 δ’
1684 2024 1816 2094 ἐγώ·

127 2114 237 2163 νῦν
274 2111 384 2178 γὰρ
423 2109 721 2178 βούλομαι.
786 2108 1062 2178 μάνθανε,
1104 2105 1261 2162 εἶπεν
1300 2107 1328 2161 6
1366 2111 1650 2179 Χαρικλῆς
1685 2109 1819 2172 τούς

127 2192 374 2255 πολλοὺς
399 2194 909 2262 μεταστησάμενος·
952 2192 1045 2245 καὶ
1069 2194 1178 2263 γάρ
1208 2208 1270 2246 σε
1296 2194 1391 2246 καὶ
1426 2193 1519 2246 διά
1543 2214 1597 2247 τι
1621 2194 1818 2262 χρήσι-

128 2298 236 2348 μον
263 2277 401 2346 ἐμὸν
427 2275 710 2346 ἀκροατὴν
735 2279 1002 2345 γενέσθαι
1036 2281 1151 2330 τῶν
1177 2276 1615 2346 συμβεβηκότων
1641 2279 1813 2331 πάλαι
1842 2296 1887 2329 25
1913 2334 1916 2336 ,

131 2362 464 2431 ἐβουλόμην.

239 2446 360 2515 ἐμοὶ
397 2445 638 2514 γήμαντι
675 2447 870 2499 παιδία
909 2443 1014 2499 οὐκ
1054 2447 1286 2512 ἐγίνετο.
1350 2443 1452 2510 ὀψὲ
1479 2446 1543 2498 δέ
1565 2462 1699 2498 ποτε
1725 2443 1819 2498 καὶ

130 2529 315 2600 βραδὺ
351 2534 448 2599 τῆς
484 2527 732 2598 ἡλικίας,
782 2527 963 2582 πολλὰ
1000 2527 1103 2582 τὸν
1139 2527 1281 2582 θεὸν
1319 2529 1589 2582 ἱκετεύων
1624 2534 1820 2597 θυγα-

131 2619 293 2685 τρῖίου
329 2614 510 2683 πατὴρ
546 2613 964 2682 άνηγορεύθην,
993 2611 1096 2666 οὐκ
1125 2611 1210 2667 ἐπ’
1242 2614 1443 2675 αἰσίοις
1469 2615 1706 2667 ἔσεσθαί
1723 2631 1819 2682 μοι

133 2699 342 2768 ταύτην
366 2702 467 2750 τοῦ
494 2701 636 2751 θεοῦ
670 2697 1208 2767 προαγορεύσαντος.
1261 2700 1407 2766 ηλθε
1440 2698 1533 2751 καὶ
1560 2700 1638 2759 εἰς
1662 2694 1819 2764 ω’ραν
1847 2715 1888 2748 30

132 2784 340 2852 γάμου,
390 2783 483 2835 καὶ
534 2781 805 2850 ἐξεδόμην
842 2786 957 2836 τῶν
994 2782 1459 2851 μνηστευομένων
1497 2782 1721 2853 (πολλοὶ
1757 2782 1820 2835 δὲ
1899 2790 1911 2855 J

133 2859 303 2937 ἦσαν)
343 2871 418 2936 τῷ
456 2865 588 2935 παρ’
633 2868 753 2935 ἐμοὶ
793 2867 1045 2955 κριθέντι
1084 2868 1376 2918 καλλίστω.
1453 2866 1544 2918 καὶ
1582 2863 1717 2919 καθ’
1744 2862 1820 2935 ἢν
1896 2868 1908 2928 ἶ
