1916 3132
714 125 843 172 CAP.
875 125 1278 172 XXVI—XXVHI
1770 126 1843 179 43

148 248 389 348 adulteri⁹
417 249 645 320 gratiam
685 251 738 301 et
784 247 852 300 ob
900 248 1151 317 praedam
1190 248 1569 302 hereditariam
1610 249 1843 302 extinxit

147 343 368 453 uenesrig-
387 398 478 452 ille
518 398 695 451 senior
732 396 1104 450 lamentabiles
1145 401 1366 466 questus
1399 398 1628 469 singulis
1660 397 1844 465 <cunc-

151 476 253 543 tis>
276 473 619 542 instrepebat.
676 471 881 524 saeuire
913 471 1110 541 uulgus
1151 473 1421 525 interdum
1463 477 1517 526 et
1554 473 1685 526 facti
1723 474 1841 526 ueri

22 563 30 620 ζΥ
101 569 124 603 5
148 548 498 602 similitudine
554 547 621 599 ad
675 546 914 599 criminis
977 547 1340 600 credulitatem
1403 547 1620 617 impelli.
1720 567 1843 601 con-

148 623 380 677 clamant
418 623 624 692 ignem,
671 621 952 691 requirunt
999 639 1149 690 saxa,
1199 622 1455 689 paruulos
1503 622 1570 675 ad
1617 622 1843 675 exitium

147 697 387 751 mulieris
440 696 740 749 hortantur.
818 695 1121 748 emedjtatis
1175 696 1241 747 ad
1294 696 1425 749 haec
1480 697 1573 749 illa
1626 697 1842 750 fletibus

147 790 414 842 quamque
453 771 789 824 sanctissime
828 773 1042 839 poterat
1082 770 1331 823 adiurans
1380 775 1573 824 cuncta
1623 772 1845 825 numina

146 850 357 899 tantum
397 845 570 898 scelus
610 844 890 898 abnuebat.

78 940 123 973 ιο
257 918 510 974 XXVIII.
549 920 698 990 Ergo
731 919 900 990 igitur
931 938 1093 972 senex
1131 918 1222 972 ille
1262 919 1528 972 ‘ueritatis
1562 921 1845 973 arbitrium

146 996 203 1048 in
250 995 489 1048 diuinam
535 995 931 1078 prouidentiam
978 1012 1312 1078 reponamus.
1397 994 1646 1047 Zatchlas
1694 996 1845 1048 adest

146 1069 466 1141 Aegyptius,
502 1069 766 1153 propheta
798 1069 1099 1138 primariUS‚
1136 1069 1229 1137 qui
1260 1087 1470 1121 mecum
1503 1070 1609 1122 iam
1642 1070 1844 1122 dudum

148 1145 339 1215 grandi
383 1144 621 1214 praemio
669 1144 878 1213 pepigit
923 1143 1171 1196 reducere
1218 1143 1491 1237 paulisper
1538 1145 1604 1196 ab
1659 1144 1844 1197 inferis

148 1220 398 1289 spiritum
439 1237 737 1288 corpusque
777 1218 923 1270 istud
961 1207 1325 1287 postliminio
1334 1206 1551 1272 mortis
1574 1219 1846 1272 animare?

78 1311 122 1345 15
147 1297 201 1347 et
247 1313 368 1346 cum
415 1293 558 1346 dicto
606 1293 855 1345 iuuenem
903 1293 1208 1362 quempiam
1262 1293 1443 1346 linteis
1484 1293 1729 1346 amiculis
1770 1294 1845 1346 in·

147 1369 346 1422 iectum
384 1368 651 1437 pedesque
690 1367 915 1436 palmeis
954 1367 1138 1419 baxeis
1186 1367 1465 1420 inductum
1513 1371 1567 1420 et
1607 1368 1845 1438 adusque

146 1443 377 1512 <autem>
417 1443 602 1495 deraso
643 1442 816 1511 capite
848 1441 1098 1510 producit
1136 1442 1193 1493 in
1231 1442 1482 1494 medium.
1550 1442 1712 1494 huius
1754 1442 1846 1495 diu

146 1536 337 1570 manus
378 1517 716 1570 deosculatus
757 1520 811 1569 et
843 1517 960 1585 ipsa
993 1534 1166 1586 genua
1198 1517 1515 1587 contingens
1550 1517 1846 1570 ‘miserere’

148 1593 225 1645 ait
257 1592 537 1661 ‘sacerdOS‚
569 1592 831 1644 miserere.
881 1610 977 1660 per
1008 1591 1258 1643 caelestia
1290 1591 1479 1660 sidera,
1518 1610 1614 1660 per
1637 1591 1847 1644 inferna

80 1688 125 1720 20
148 1667 384 1736 numina,
422 1685 518 1735 per
556 1666 822 1718 naturalia
862 1665 1145 1734 elementa,
1195 1684 1291 1734 per
1329 1669 1593 1718 nocturna
1632 1666 1847 1719 silentia

149 1745 204 1794 et
243 1741 403 1810 adyta
442 1739 664 1809 Coptica
703 1744 756 1793 et
794 1758 889 1808 per
927 1740 1254 1792 incrementa
1291 1739 1531 1793 Nilotica
1570 1743 1623 1793 et
1654 1759 1848 1794 arcana

147 1815 498 1884 Memphitica
522 1818 575 1867 et
599 1815 759 1868 sistra
782 1814 1056 1882 Phariaca,
1081 1814 1148 1866 da
1171 1815 1390 1867 breuem
1415 1815 1544 1867 solis
1565 1815 1637 1884 [p.
1657 1815 1741 1867 36.
1756 1815 1844 1885 Ε]

148 1909 367 1943 usuram
406 1893 459 1943 et
498 1890 553 1941 in
593 1893 868 1942 aeternum
907 1889 1136 1942 conditis
1155 1889 1339 1942 —oculis
1372 1889 1638 1942 modicam
1669 1890 1846 1943 lucem

148 1964 382 2018 infunde.
459 1982 568 2017 non
614 1964 911 2017 obnitimur
955 1963 1137 2033 (fato)
1187 1982 1284 2016 nec
1322 1967 1496 2016 terrae
1536 1983 1649 2016 rem
1689 1983 1843 2017 suam

80 2059 124 2094 25
149 2039 487 2110 denegamus,
512 2038 605 2092 sed
637 2039 703 2091 ad
734 2038 957 2091 ultionis
982 2038 1240 2091 solacium
1266 2039 1523 2108 exiguum
1548 2039 1692 2092 uitae
1725 2058 1844 2108 spa-

147 2114 285 2167 tium
325 2113 704 2182 deprecamur.'

259 2187 532 2257 Propheta
562 2188 639 2240 sic
670 2187 995 2257 propitiatus
1026 2186 1308 2240 herbulam
1341 2188 1649 2256 quampiam
1683 2188 1751 2241 ob
1786 2207 1845 2241 os

150 2262 388 2331 corporis
427 2266 482 2315 et
520 2262 679 2315 aliam
718 2263 924 2331 pectori
963 2263 1077 2315 eius
1117 2261 1361 2330 imponit.
1424 2265 1553 2315 tunc
1585 2263 1845 2315 orientem

151 2337 408 2390 obuersus
455 2337 784 2390 incrementa
829 2337 958 2389 solis
1008 2336 1225 2406 augusti
1271 2336 1468 2389 tacitus
1520 2338 1845 2406 imprecatus

271 2560 311 2600 3.
329 2562 357 2601 4
387 2557 637 2618 (cunctis)
668 2559 844 2603 inserui
873 2559 931 2613 cf.
965 2563 1037 2602 40.
1058 2562 1111 2602 18
1160 2557 1447 2615 singultibus
1479 2555 1846 2612 interstrepebat

153 2615 358 2661 Stewech.
403 2616 648 2675 singultim
679 2617 922 2675 strepebat
954 2619 1134 2674 Sciopp
1258 2621 1284 2661 5
1318 2617 1650 2662 crudelitatem
1680 2615 1846 2671 queg

155 2709 208 2748 11
238 2687 398 2748 ΤειοΙιὲ,
428 2722 463 2761 φ
497 2705 688 2751 Cathlas
721 2709 750 2751 δ
855 2712 908 2750 17
942 2705 1167 2766 (cutem)
1199 2707 1375 2751 inserui
1405 2708 1463 2762 cf.
1498 2710 1567 2749 51.
1589 2709 1664 2758 173
1699 2708 1798 2747 211.
1818 2708 1843 2747 6

151 2770 194 2809 et
226 2764 381 2809 Plaut.
407 2765 572 2812 Bacch.
591 2771 676 2810 242
802 2771 854 2810 18
887 2771 1054 2810 mansis
1087 2782 1122 2822 φ
1155 2767 1194 2822 (s
1226 2768 1333 2811 add.
1366 2781 1422 2810 m.
1451 2767 1586 2822 post.)
1708 2767 1762 2805 21
1797 2765 1846 2806 et
1908 2807 1910 2810 .

124 2854 126 2858 Α
154 2823 300 2880 adyta
355 2822 549 2881 Coptica
602 2826 808 2883 Scaliger
872 2828 920 2870 et
978 2825 1454 2882 adEpoacooeptitica
1508 2824 1543 2866 F
1598 2824 1646 2867 et
1693 2822 1846 2879 adepa

153 2882 456 2999 choleptitica
488 2894 526 2939 φ
570 2885 766 2942 adepoeo
799 2884 983 2942 ceptica
1014 2886 1043 2928 ὃ
1165 2889 1223 2929 24
1255 2884 1427 2944 (fato)
1461 2883 1656 2927 zffnseouit
1686 2881 1846 2927 Rohde

152 2957 177 2989 c
245 2947 300 2987 69
342 2947 396 2986 15
