1916 3132
160 144 248 189 XII
823 144 1181 190 PRAEFATIO.

166 271 512 334 correctiones,
545 286 671 334 quas
696 271 910 334 Beytius
941 290 1001 336 ‘1³2
1033 271 1240 332 tribuat,
1270 273 1362 321 uni
1393 273 1652 336 eidemque
1682 275 1859 325 manui

168 361 274 394 esse
320 345 652 394 ascribendas.
712 345 845 393 Nam
891 346 988 394 etsi
1026 346 1253 395 diuersae
1300 350 1635 396 correctorum
1679 364 1858 398 manus

168 419 491 483 aliquatenus
530 421 743 468 fortasse
784 420 997 468 discerni
1033 421 1241 485 possint,
1281 424 1512 470 auctores
1551 416 1857 472 diuisionum

169 495 220 542 et
259 494 643 555 colligationum
680 494 963 558 uerborum,
1001 494 1291 543 litterarum
1332 496 1610 544 deletarum
1645 497 1731 546 uel
1769 497 1872 561 ad--l

167 567 410 631 ditarum,
464 569 786 632 uirgularum
838 570 1243 617 transuersarum
1287 570 1372 618 uel
1419 571 1721 634 scriptarum
1772 571 1868 620 uel·

168 648 426 690 erasarum
462 657 668 705 prorsus
707 644 827 690 sunt
864 642 1057 707 incerti,
1095 659 1257 707 neque
1296 644 1502 692 uidetur
1536 645 1647 692 ueri
1679 645 1859 709 simile,

166 716 220 763 id
266 716 401 779 quod
453 717 667 779 Beytius
720 732 819 764 non
867 717 1019 766 semel
1066 733 1156 779 pro
1210 734 1331 766 uero
1386 719 1590 782 accipit,
1645 684 1859 768 eundeni

172 793 504 838 correctorem
540 792 719 853 postea
757 806 901 838 suam
939 790 1184 849 delenisse
1224 792 1633 840 emendationem.

279 865 447 912 Minus
491 867 626 912 recte
674 867 825 912 antea
870 865 971 912 uiri
1018 866 1153 913 docti
1197 859 1404 932 Keiliil)
1451 867 1613 915 secuti
1659 864 1859 915 senten-

160 928 295 986 'tiam
328 939 664 1000 opinabantur
695 957 734 1001 φ
767 955 827 986 01
859 939 898 985 F
931 951 1037 987 esse
1069 939 1377 1001 descriptum
1406 942 1676 1003 antequam
1706 940 1862 990 codex

136 1023 139 1025 ·
171 1013 429 1075 antiquior
473 1013 634 1061 ullam
673 1013 1031 1061 correctionem
1074 1028 1254 1075 passus
1294 1016 1437 1062 esset.
1505 1013 1715 1062 Meliora
1758 1013 1861 1062 iam

173 1086 387 1135 docuere
418 1087 792 1149 Luetjohannes
833 1090 884 1134 et
913 1087 1142 1150 Beytius.
1193 1087 1385 1135 Extant
1416 1090 1587 1136 autem
1623 1088 1865 1151 permulti

171 1161 293 1223 loci,
342 1161 430 1224 qui
485 1160 733 1209 eiusmodi
787 1176 837 1209 se
890 1161 1100 1224 habent,
1153 1163 1214 1208 ut
1259 1161 1585 1210 statuendum
1638 1162 1725 1227 sit,
1771 1164 1864 1212 aut

170 1235 338 1296 ipsum
376 1235 588 1283 scribam
623 1253 661 1296 φ
701 1235 970 1283 correxisse
1011 1236 1295 1297 exemplum
1327 1251 1488 1299 suum,
1528 1237 1619 1284 aut
1652 1236 1708 1300 F,
1747 1252 1864 1286 cum

173 1325 233 1356 ex
293 1309 383 1357 illo
447 1309 812 1357 describeretur
865 1327 925 1372 φ,
978 1309 1078 1356 iam
1139 1310 1291 1356 semel
1351 1309 1507 1358 fuisse
1567 1313 1860 1365 correctum.

172 1383 436 1444 Exempla:
481 1385 563 1433 18.
591 1386 619 1431 2
653 1384 859 1442 firmiter
888 1377 1175 1443 Flfortiter
1205 1375 1339 1446 F²q>3
1381 1385 1462 1431 22.
1493 1385 1558 1431 15
1592 1385 1776 1433 ambire
1801 1377 1867 1432 F¹

175 1459 415 1505 ambirent
450 1450 585 1520 F²q23
644 1458 724 1511 23.
754 1459 783 1506 9
823 1459 930 1518 ipso
966 1451 1030 1505 ΕΙ
1067 1459 1170 1518 ipse
1206 1450 1344 1519 F2q03
1402 1459 1485 1505 24.
1511 1459 1542 1506 8
1584 1459 1764 1518 quoties
1800 1452 1867 1506 Fl

296 1643 340 1699 1)
378 1642 497 1686 Keil.
533 1641 642 1686 Obs.
676 1641 777 1685 crit
817 1641 867 1684 in
900 1642 1090 1686 Catonis
1131 1644 1180 1686 et
1209 1641 1434 1686 Varronis
1474 1643 1531 1686 de
1569 1657 1604 1687 r.
1643 1657 1679 1686 r.
1716 1641 1869 1688 libros

174 1717 220 1758 p.
246 1706 325 1746 80·
359 1703 530 1758 „antea
562 1703 719 1744 autem
735 1701 865 1767 quid
897 1701 1122 1757 scriptum
1152 1701 1316 1758 fuerit,
1350 1701 1558 1745 ostendit
1595 1702 1696 1746 cod
1726 1699 1864 1747 Laur.

177 1760 341 1805 XXIX
359 1737 573 1816 2,0111115
607 1759 804 1803 eximius
835 1759 886 1802 in
910 1774 966 1804 eo
998 1775 1109 1804 usus
1134 1763 1219 1816 est,
1253 1760 1380 1816 quod
1403 1775 1509 1804 cum
1531 1774 1558 1804 e
1580 1763 1739 1805 uetere
1761 1763 1866 1806 tum

178 1835 284 1864 cum
325 1819 584 1864 recentiore
621 1833 764 1862 manu
805 1820 1014 1862 nondum
1051 1822 1285 1863 correctus
1332 1822 1436 1863 erat
1482 1819 1742 1877 descriptus
1787 1820 1867 1877 sit,

179 1877 1073 1982 31111151111111111111
1089 1879 1767 1993 11111111131631111
1787 1879 1867 1983 32²

1742 1974 1754 1995 Ἰ

178 1974 455 2042 monstrat'f‘
516 1995 697 2053 Psyche
737 1998 785 2039 et
824 1995 1025 2052 Cupido,
1067 1996 1170 2039 edd.
1204 1995 1333 2039 Iahn.
1374 1995 1620 2040 Michaelis
1660 2011 1701 2040 a.
1735 2001 1867 2041 1883.

178 2056 331 2101 Praef.
348 2057 456 2100 VIH
488 2069 627 2112 „nam
657 2055 698 2098 is
731 2055 850 2111 (cod.
877 2056 930 2112 φ)
963 2054 1312 2098 accuratissime
1337 2067 1394 2098 ex
1416 2054 1566 2099 altero
1596 2055 1681 2099 illo
1705 2055 1867 2101 codice

182 2115 369 2160 saeculo
410 2114 685 2159 duodecimo
734 2113 995 2171 descriptus
1033 2116 1124 2170 est,
1157 2113 1246 2157 hoc
1285 2114 1358 2157 est
1397 2127 1452 2158 eo
1498 2115 1731 2171 tempore,
1772 2129 1870 2171 quo

180 2174 262 2219 ille
285 2175 494 2219 nondum
517 2173 790 2218 correctoris
815 2187 1004 2230 operam
1027 2187 1192 2230 passus
1217 2175 1301 2229 est,
1326 2173 1381 2215 ut
1402 2172 1664 2217 rectissimo
1687 2173 1868 2219 iudicio

179 2233 362 2278 Keilius
394 2233 607 2277 statuit.“

301 2295 346 2350 2)
376 2292 483 2336 Non
515 2291 673 2336 omnia
703 2293 863 2336 tamen
886 2293 1175 2348 argumenta,
1207 2290 1378 2346 quibus
1401 2290 1551 2334 utitur
1574 2290 1782 2347 Beytius,
1811 2293 1870 2336 ut

182 2351 375 2396 euincat
413 2369 449 2407 φ
495 2365 596 2395 esse
636 2350 922 2408 descriptum
959 2365 1015 2394 ex
1054 2351 1089 2394 F
1135 2350 1231 2394 iam
1276 2349 1419 2394 semel
1465 2353 1672 2394 correcto
1719 2364 1868 2406 aeque

181 2411 347 2454 ualida
392 2424 493 2454 esse
538 2409 771 2454 uidentur.
834 2409 957 2453 Nam
992 2409 1043 2452 in
1087 2409 1190 2453 1000
1229 2408 1510 2465 Apologiae,
1551 2423 1690 2465 quem
1734 2409 1868 2466 citat,

183 2475 255 2514 27.
280 2475 307 2513 3
338 2469 422 2513 ubi
452 2470 487 2512 F
518 2468 665 2512 habet
695 2470 879 2525 simpulo
910 2471 958 2513 et
988 2468 1038 2511 in
1066 2483 1158 2525 mg.
1191 2469 1251 2512 al.
1282 2469 1536 2524 simpuuio,
1569 2467 1799 2525 scriptura
1829 2485 1867 2526 φ

183 2543 279 2573 11011
316 2542 374 2573 01
411 2528 446 2571 F
485 2529 694 2571 correcto
742 2527 989 2584 desumpta
1027 2541 1127 2571 esse
1173 2526 1382 2583 uidetur,
1422 2526 1554 2595 quia,
1596 2527 1635 2570 si
1677 2526 1870 2583 quidem
1911 2575 1914 2578 .

184 2587 416 2633 credimus
446 2587 706 2643 Kruegero,
736 2586 788 2630 id
817 2586 1120 2641 uocabulum,
1154 2584 1253 2629 siue
1285 2588 1358 2629 est
1396 2587 1601 2642 sipuuio,
1617 2586 1758 2652 quod
1789 2599 1868 2631 ex-

183 2647 319 2692 hibet
348 2646 635 2702 Kruegerus,
676 2645 775 2689 siue
817 2647 1062 2702 simpouio,
1095 2647 1148 2688 ut
1185 2644 1329 2688 refert
1358 2644 1572 2700 Beytius,
1613 2644 1665 2688 in
1700 2658 1867 2689 rasura

186 2706 413 2764 scriptum
451 2707 535 2749 est.
596 2704 682 2748 Est
719 2704 867 2761 igitur
895 2703 1149 2748 uerisimile
1180 2705 1428 2758 utrumque
1471 2681 1644 2747 libr⁷um
1675 2703 1868 2760 origini-

186 2769 263 2810 tus
295 2764 518 2808 habuisse
540 2764 724 2820 simpulo
748 2766 796 2807 et
822 2763 1018 2807 diuersis
1042 2762 1258 2806 manibus
1279 2776 1379 2806 esse
1405 2761 1598 2806 seorsim
1622 2764 1867 2806 correctos.

185 2825 350 2880 Neque
389 2828 458 2868 85.
483 2828 539 2867 22
580 2821 734 2865 scriba
764 2839 801 2878 φ
839 2821 1121 2865 uocabulum
1159 2823 1259 2878 qui,
1290 2821 1416 2876 quod
1447 2835 1503 2865 ex
1533 2821 1569 2864 F
1606 2820 1730 2866 male
1768 2834 1868 2865 cor-

186 2885 314 2928 recto
348 2882 657 2947 descripserat
686 2880 787 2937 ipse
819 2880 1076 2935 induxerit,
1108 2881 1191 2924 sed
1220 2879 1378 2936 potius
1410 2879 1560 2924 altera
1590 2893 1755 2924 manus
1786 2879 1870 2924 ab-

188 2943 380 2986 surdum
409 2939 662 2985 remouerit
693 2939 1084 2984 additamentum.
