1916 3132
787 115 903 163 ΤΡΙ
908 113 1051 162 ΤΟΝ
1703 112 1771 167 83

68 252 501 322 διεγγυώμενος,
542 249 681 304 κάπὶ
717 249 938 314 τούτοις
975 248 1068 303 καὶ
1105 250 1320 319 μισθὸν
1358 249 1463 319 τήν
1502 251 1626 305 κατ’
1668 252 1771 306 αύ-

69 336 204 400 τούς
226 335 515 407 ὑφήγησιν
550 334 808 404 αἰτήσας,
850 334 1089 402 ἑσπέρας
1114 333 1287 404 οὔσης
1311 333 1419 406 ἥδη
1445 336 1540 388 καὶ
1566 333 1772 400 νυκτὸς

69 419 324 491 ούδαμοῦ
349 420 642 475 δεικνύναι
669 419 954 488 παρόντας
979 422 1137 488 ἔχεις.
1175 413 1274 474 ’καὶ
1295 418 1371 488 ὅς,
1393 419 1618 490 θάρσει,
1640 423 1769 491 ἔφη,

67 507 162 561 καὶ
198 503 391 574 θυμὸν
426 507 516 574 ἔχε
553 503 777 573 α’γαθόν
815 501 890 567 ὥς
940 506 1178 558 ἐκείνων
1225 502 1454 574 άληθῶς
1499 503 1769 575 ἡξόντων.

18 610 40 643 ⁶
68 593 179 644 νῦν
205 591 266 643 δὲ
293 594 426 652 ἴσως
450 609 503 642 τι
530 590 766 657 κω’λυμα
791 590 1007 657 γέγονε,
1049 591 1143 642 καὶ
1178 587 1419 660 βράδιον
1452 588 1490 657 ἢ
1528 588 1669 643 κατὰ
1705 589 1773 643 τά

67 677 407 744 συγκείμενα
434 671 831 743 ἀφικνοῦνται.
898 674 992 727 καὶ
1018 674 1205 738 ἄλλως
1232 672 1361 728 οὐδ’
1390 670 1462 728 ὂὶν
1489 674 1772 742 παρόντας

65 758 253 823 ἔδειξα
298 757 373 828 μὴ
421 756 484 812 τὸ
523 762 638 812 πᾶν
685 758 789 812 τοῦ
830 763 1046 828 μισθοῦ
1084 760 1489 830 κομισάμενος,
1540 758 1683 814 ὥστε
1721 761 1775 814 εἰ

67 845 332 907 σπεύδεις
354 842 463 914 τὴν
487 843 650 910 θεάν,
693 844 915 913 πλήρου
941 842 1045 914 τὴν
1073 844 1416 913 ἐπαγγελίαν
1443 843 1535 898 καὶ
1562 845 1644 907 εἰς
1683 846 1768 898 τέ-

66 932 162 993 λος
188 930 291 998 ἄγε
314 927 421 998 τήν
446 929 722 998 διήγησιν.
784 926 892 996 ἐγώ
931 931 1052 998 μέν,
1095 925 1271 998 εἶπεν,
1312 928 1498 994 ἄλλως
1533 949 1594 983 τε
1621 925 1772 983 ὀκνῶ

0 1032 37 1067 ιο
65 1014 129 1068 τὸ
166 1017 395 1084 πρᾶγμα
433 1012 572 1082 πρὸς
607 1010 931 1083 ὑπόμνησιν
968 1034 1036 1084 με
1073 1019 1187 1068 τῶν
1226 1017 1568 1068 λυπούντων
1606 1013 1769 1083 ἄγον,

65 1102 164 1152 καί
195 1113 259 1151 σε
293 1097 626 1151 ἀποκναίειν
659 1094 856 1169 ᾠήθην
881 1098 1184 1171 ἀδολεσχία
1207 1102 1453 1170 τοσαύτῃ
1479 1104 1771 1168 προσκορῆ
1786 1088 1803 1131 ‘'

63 1183 466 1253 γεγενημένον·
510 1181 632 1236 ἐπεὶ
670 1183 732 1236 δὲ
771 1182 1044 1252 φιλήκοός
1068 1204 1151 1246 τις
1178 1181 1329 1238 εἷναί
1347 1204 1442 1253 μοι
1469 1187 1648 1255 φαίνῃ
1675 1185 1769 1237 καὶ

64 1271 257 1321 καλῶν
296 1266 671 1336 ἀκουσμάτων
707 1265 1041 1336 α’κόρεστος,
1082 1269 1221 1337 φέρε
1259 1267 1398 1322 ὅθεν
1439 1268 1634 1337 ἐξέβην
1670 1267 1770 1322 τὸν

64 1351 240 1421 λόγον
276 1351 645 1421 εἰσβάλωμεν,
685 1350 972 1420 ἁψάμενοί
1000 1372 1061 1405 τε
1097 1353 1312 1421 λύχνον
1337 1353 1634 1422 πρότερον,
1675 1350 1769 1406 καὶ

0 1454 35 1491 ¹5
64 1438 132 1491 τὰ
159 1446 383 1491 κοιταΐα
407 1445 524 1499 τοῖς
547 1438 764 1505 νυχίοις
787 1442 946 1499 θεοῖς
973 1436 1426 1506 ἐπισπείσαντες,
1454 1434 1531 1499 ὥς
1557 1432 1629 1490 ἂν
1653 1440 1769 1490 τῶν

66 1521 354 1576 εἰωθότων
379 1523 791 1589 τετελεσμένων
821 1521 1254 1587 ἐννυκτερεύειν
1286 1518 1422 1591 ἡμῖν
1459 1521 1550 1575 ἐπ’
1578 1519 1770 1585 ἀδείας

65 1615 182 1669 τοῖς
219 1605 557 1676 διηγήμασιν
596 1606 890 1674 ἐγγίνοιτο.

171 1692 348 1744 ταῦτα
387 1686 524 1759 εἷπε,
564 1688 655 1743 καὶ
694 1689 897 1759 λύχνος
934 1710 993 1744 τε
1029 1687 1274 1760 ἡμμένος
1310 1692 1629 1760 εἰσεφέρετο
1663 1696 1765 1745 θε-
1794 1706 1828 1758 5

68 1775 359 1843 ραπαινίδι
384 1778 551 1828 τοῦτο
577 1778 679 1828 τοῦ
705 1772 1032 1843 πρεσβύτου
1059 1776 1503 1845 προστάξαντος,
1542 1776 1636 1829 καὶ
1662 1776 1768 1846 τήν

0 1877 37 1911 20
67 1858 324 1928 σπονδὴν
358 1857 610 1928 ἀπέχεεν,
651 1857 860 1923 ἄλλους
894 1879 955 1912 τε
989 1863 1105 1913 τῶν
1139 1863 1295 1914 θεῶν
1321 1862 1416 1914 καὶ
1441 1860 1541 1914 τὸν
1559 1859 1767 1931 Ἑρμῆν

65 1944 156 1997 ἐπὶ
183 1947 356 1998 πᾶσιν
384 1942 839 2012 ἐπικαλούμενος.
881 1943 1177 2013 εύόνειρόν
1202 1965 1262 1999 τε
1287 1943 1410 2015 ᾔτει
1435 1934 1763 2015 τὴννύκτα,

63 2027 155 2081 καὶ
182 2033 433 2099 φανῆναι
459 2026 612 2099 αὐτῷ
635 2027 770 2091 τούς
797 2030 1102 2098 φιλτάτους
1122 2030 1264 2083 κατὰ
1288 2035 1434 2099 γοῦν
1458 2029 1559 2083 τὸν
1576 2028 1764 2083 ὕπνον

64 2110 293 2166 ἱκέτευε.
341 2114 435 2166 καὶ
460 2113 677 2166 τούτων
701 2114 1135 2183 τετελεσμένων,
1165 2113 1358 2184 ἐπειδὴ
1386 2118 1604 2181 τοίνυν,
1633 2117 1761 2184 ἔφη,

62 2189 110 2251 ὦ
129 2198 398 2267 Κνήμων,
424 2194 488 2251 τὸ
513 2201 703 2267 μνῆμα
729 2202 830 2251 τοῦ
851 2201 1257 2267 Νεοπτολέμου
1283 2203 1762 2269 περιεστοιχίσατο

0 2279 99 2351 ιῡὴ
137 2279 326 2352 πομπή
367 2283 460 2335 καὶ
498 2285 690 2349 τρίτον
728 2282 788 2334 οἶ
818 2285 1021 2351 ἔφηβοι
1059 2281 1163 2353 τὴν
1188 2284 1365 2338 ἵππον
1391 2286 1760 2354 περιήλασαν,

64 2365 358 2431 ὠλόλυξαν
383 2368 487 2435 μὲν
512 2368 579 2419 αἱ
594 2376 862 2435 γυναῖκες
885 2366 1172 2436 ἠλάλαξαν
1198 2371 1259 2422 δὲ
1287 2370 1344 2422 οἱ
1365 2366 1581 2438 ἄνδρες.
1639 2368 1763 2422 τότε

63 2449 254 2518 ὥσπερ
280 2449 384 2521 ὑφ’
414 2450 497 2505 ἑνὶ
532 2452 853 2521 συνθήματι
890 2454 1021 2520 βόες
1057 2451 1224 2520 ἄρνες
1262 2451 1414 2522 αἶγες
1450 2454 1761 2523 ίερεύοντο,

65 2534 326 2603 καθάπερ
350 2539 451 2607 μιᾷ
477 2537 619 2604 χειρὶ
645 2541 786 2590 πᾶσι
812 2541 911 2606 τῆς
937 2539 1158 2607 σφαγῆς
1185 2539 1598 2607 ἐπενεχθείσης.
1645 2541 1763 2607 βω-

63 2622 175 2689 μόν
211 2639 270 2672 τε
307 2620 635 2689 παμμεγέθη
674 2623 881 2689 σχίζαις
922 2625 1149 2690 μυρίαις
1197 2623 1618 2692 φορτώσαντες,
1667 2623 1762 2675 καὶ

5 2720 34 2757 ιο
62 2701 131 2757 τὰ
181 2706 553 2773 νενομισμένα
599 2708 714 2758 τῶν
760 2705 980 2772 ἱερείων
1030 2704 1172 2774 ἄκρα
1220 2707 1404 2760 πάντα
1452 2706 1760 2773 ἐπιθέντες,

67 2787 367 2857 κατάρχειν
402 2788 497 2857 τῆς
534 2790 784 2858 σπονδῆς
820 2791 921 2843 τὸν
964 2790 1113 2859 ἱερέα
1151 2794 1254 2844 τοῦ
1279 2794 1513 2844 Πυθίου
1540 2787 1761 2843 καὶτὸν

64 2870 258 2941 βωμὸν
284 2869 556 2926 ἀνάπτειν
581 2871 796 2942 ήξιόυν.
855 2871 884 2927 ὁ
911 2875 972 2928 δὲ
999 2878 1286 2945 Χαρικλῆς
1310 2873 1415 2941 τὴν
1439 2874 1544 2943 μὲν
1582 2887 1759 2925 σπον-

1261 2963 1269 2968 .
1348 2959 1423 3011 6*
1478 2996 1509 3022 ·
