<?xml version="1.0" encoding="UTF-8"?>
<!DOCTYPE html PUBLIC "-//W3C//DTD XHTML 1.0 Transitional//EN"
    "http://www.w3.org/TR/xhtml1/DTD/xhtml1-transitional.dtd">
<html xmlns="http://www.w3.org/1999/xhtml" xml:lang="en" lang="en">
 <head>
  <title>
</title>
<meta http-equiv="Content-Type" content="text/html;charset=utf-8" />
  <meta name='ocr-system' content='tesseract 3.04.00' />
  <meta name='ocr-capabilities' content='ocr_page ocr_carea ocr_par ocr_line ocrx_word'/>
</head>
<body>
  <div class='ocr_page' id='page_1' title='image "./aethiopicorumlib00heliuoft_0183.png"; bbox 0 0 1916 3132; ppageno 0'>
   <div class='ocr_carea' id='block_1_1' title="bbox 0 0 1916 228">
    <p class='ocr_par' dir='ltr' id='par_1_1' title="bbox 0 0 1916 228">
     <span class='ocr_line' id='line_1_1' title="bbox 0 0 1916 70; baseline 0.007 -9"><span class='ocrx_word' id='word_1_1' title='bbox 0 0 19 70; x_wconf 72' lang='lat'><strong><em>[2</em></strong></span> <span class='ocrx_word' id='word_1_2' title='bbox 116 0 329 50; x_wconf 59' lang='lat' dir='ltr'><strong><em>fvt-207⁷</em></strong></span> <span class='ocrx_word' id='word_1_3' title='bbox 352 0 444 48; x_wconf 55' lang='grc' dir='ltr'><strong><em>Γ]</em></strong></span> <span class='ocrx_word' id='word_1_4' title='bbox 479 0 670 43; x_wconf 56' lang='lat' dir='ltr'><strong><em>tvm-*¹</em></strong></span> <span class='ocrx_word' id='word_1_5' title='bbox 813 0 826 19; x_wconf 76' lang='lat'>⁸</span> <span class='ocrx_word' id='word_1_6' title='bbox 854 2 921 27; x_wconf 48' lang='lat' dir='ltr'><strong><em>”r</em></strong></span> <span class='ocrx_word' id='word_1_7' title='bbox 943 0 962 19; x_wconf 69' lang='lat'>⁵</span> <span class='ocrx_word' id='word_1_8' title='bbox 990 0 1150 51; x_wconf 57' lang='grc' dir='ltr'><strong><em>ΜΨ</em></strong></span> <span class='ocrx_word' id='word_1_9' title='bbox 1182 0 1426 38; x_wconf 46' lang='grc' dir='ltr'><strong><em>Μ’·ῘΝΜ</em></strong></span> <span class='ocrx_word' id='word_1_10' title='bbox 1455 0 1507 13; x_wconf 74' lang='lat'><strong><em>‘</em></strong></span> <span class='ocrx_word' id='word_1_11' title='bbox 1573 0 1644 18; x_wconf 47' lang='lat' dir='ltr'><strong><em>‘W</em></strong></span> <span class='ocrx_word' id='word_1_12' title='bbox 1670 0 1916 54; x_wconf 42' lang='lat' dir='ltr'><strong><em>‘&#39;Vm&#39;ffl‘</em></strong></span> 
     </span>
     <span class='ocr_line' id='line_1_2' title="bbox 0 0 1794 228; baseline 0.038 -59"><span class='ocrx_word' id='word_1_13' title='bbox 0 0 141 228; x_wconf 53' lang='lat' dir='ltr'><em>r</em></span> <span class='ocrx_word' id='word_1_14' title='bbox 814 157 1059 205; x_wconf 81' lang='grc' dir='ltr'><em>ΕΚΤΟΝ</em></span> <span class='ocrx_word' id='word_1_15' title='bbox 1694 154 1794 207; x_wconf 84' lang='lat'><strong><em>173</em></strong></span> 
     </span>
    </p>
   </div>
   <div class='ocr_carea' id='block_1_2' title="bbox 0 282 1882 2907">
    <p class='ocr_par' dir='ltr' id='par_1_2' title="bbox 39 282 1796 620">
     <span class='ocr_line' id='line_1_3' title="bbox 39 282 1794 383; baseline -0.004 -29"><span class='ocrx_word' id='word_1_16' title='bbox 39 350 43 353; x_wconf 89' lang='lat'>.</span> <span class='ocrx_word' id='word_1_17' title='bbox 95 287 454 383; x_wconf 61' lang='grc' dir='ltr'><strong><em>γενζᾶπαντα</em></strong></span> <span class='ocrx_word' id='word_1_18' title='bbox 492 282 885 370; x_wconf 28' lang='grc' dir='ltr'><strong><em>ἐπιτέμνουσχαῗ·</em></strong></span> <span class='ocrx_word' id='word_1_19' title='bbox 903 291 997 363; x_wconf 86' lang='grc' dir='ltr'><strong><em>ἐφ’</em></strong></span> <span class='ocrx_word' id='word_1_20' title='bbox 1027 294 1132 364; x_wconf 78' lang='grc' dir='ltr'><strong><em>υἱῷ</em></strong></span> <span class='ocrx_word' id='word_1_21' title='bbox 1168 293 1273 361; x_wconf 80' lang='grc' dir='ltr'><strong><em>μὲν</em></strong></span> <span class='ocrx_word' id='word_1_22' title='bbox 1299 289 1445 346; x_wconf 80' lang='grc' dir='ltr'><strong><em>εἶναι</em></strong></span> <span class='ocrx_word' id='word_1_23' title='bbox 1470 294 1706 363; x_wconf 82' lang='grc' dir='ltr'><strong><em>κειμένῳ</em></strong></span> <span class='ocrx_word' id='word_1_24' title='bbox 1732 291 1794 347; x_wconf 85' lang='grc' dir='ltr'><strong><em>τὸ</em></strong></span> 
     </span>
     <span class='ocr_line' id='line_1_4' title="bbox 97 359 1794 451; baseline -0.006 -12"><span class='ocrx_word' id='word_1_25' title='bbox 97 385 336 451; x_wconf 81' lang='grc' dir='ltr'><strong><em>πένθος,</em></strong></span> <span class='ocrx_word' id='word_1_26' title='bbox 374 384 468 435; x_wconf 81' lang='grc' dir='ltr'><strong><em>καὶ</em></strong></span> <span class='ocrx_word' id='word_1_27' title='bbox 494 359 1112 448; x_wconf 41' lang='grc' dir='ltr'><strong><em>ἐπιτετηδευκέναιθτήν</em></strong></span> <span class='ocrx_word' id='word_1_28' title='bbox 1139 379 1218 440; x_wconf 82' lang='grc' dir='ltr'><strong><em>εἰς</em></strong></span> <span class='ocrx_word' id='word_1_29' title='bbox 1242 375 1374 440; x_wconf 81' lang='grc' dir='ltr'><strong><em>τοὺς</em></strong></span> <span class='ocrx_word' id='word_1_30' title='bbox 1395 374 1635 446; x_wconf 75' lang='grc' dir='ltr'><strong><em>νεκροὺς</em></strong></span> <span class='ocrx_word' id='word_1_31' title='bbox 1660 375 1794 446; x_wconf 76' lang='grc' dir='ltr'><strong><em>ἄφι-</em></strong></span> 
     </span>
     <span class='ocr_line' id='line_1_5' title="bbox 97 461 1795 537; baseline -0.005 -15"><span class='ocrx_word' id='word_1_32' title='bbox 97 470 204 537; x_wconf 79' lang='grc' dir='ltr'><strong><em>ξιν,</em></strong></span> <span class='ocrx_word' id='word_1_33' title='bbox 233 470 289 521; x_wconf 80' lang='grc' dir='ltr'><strong><em>εἴ</em></strong></span> <span class='ocrx_word' id='word_1_34' title='bbox 306 465 386 536; x_wconf 88' lang='grc' dir='ltr'><strong><em>πή</em></strong></span> <span class='ocrx_word' id='word_1_35' title='bbox 409 485 493 529; x_wconf 94' lang='grc' dir='ltr'><strong><em>τις</em></strong></span> <span class='ocrx_word' id='word_1_36' title='bbox 516 464 794 527; x_wconf 79' lang='grc' dir='ltr'><em>διελάσας</em></span> <span class='ocrx_word' id='word_1_37' title='bbox 802 467 906 517; x_wconf 82' lang='grc' dir='ltr'><strong><em>τοῦ</em></strong></span> <span class='ocrx_word' id='word_1_38' title='bbox 931 467 1031 532; x_wconf 80' lang='grc' dir='ltr'><strong><em>ζῆν</em></strong></span> <span class='ocrx_word' id='word_1_39' title='bbox 1056 461 1412 530; x_wconf 81' lang='grc' dir='ltr'><strong><em>ἀπαλλάξειε,</em></strong></span> <span class='ocrx_word' id='word_1_40' title='bbox 1442 462 1578 525; x_wconf 91' lang='grc' dir='ltr'><strong><em>τέως</em></strong></span> <span class='ocrx_word' id='word_1_41' title='bbox 1602 461 1795 531; x_wconf 89' lang='grc' dir='ltr'><strong><em>μέντοι</em></strong></span> 
     </span>
     <span class='ocr_line' id='line_1_6' title="bbox 95 522 1796 633; baseline -0.005 -26"><span class='ocrx_word' id='word_1_42' title='bbox 95 551 165 607; x_wconf 78' lang='grc' dir='ltr'><strong><em>τὰ</em></strong></span> <span class='ocrx_word' id='word_1_43' title='bbox 182 522 613 633; x_wconf 53' lang='grc' dir='ltr'><strong><em>νομιζόμεναῗῷ</em></strong></span> <span class='ocrx_word' id='word_1_44' title='bbox 630 548 790 602; x_wconf 84' lang='grc' dir='ltr'><strong><em>παιδὶ</em></strong></span> <span class='ocrx_word' id='word_1_45' title='bbox 818 548 880 602; x_wconf 88' lang='grc' dir='ltr'><strong><em>ἐκ</em></strong></span> <span class='ocrx_word' id='word_1_46' title='bbox 907 552 1021 602; x_wconf 82' lang='grc' dir='ltr'><strong><em>τών</em></strong></span> <span class='ocrx_word' id='word_1_47' title='bbox 1050 546 1318 615; x_wconf 89' lang='grc' dir='ltr'><strong><em>ἐνόντων,</em></strong></span> <span class='ocrx_word' id='word_1_48' title='bbox 1341 544 1711 615; x_wconf 87' lang='grc' dir='ltr'><strong><em>δακρύουσάν</em></strong></span> <span class='ocrx_word' id='word_1_49' title='bbox 1736 566 1796 599; x_wconf 92' lang='grc' dir='ltr'><strong><em>τε</em></strong></span> 
     </span>
    </p>

    <p class='ocr_par' dir='ltr' id='par_1_3' title="bbox 35 616 1882 718">
     <span class='ocr_line' id='line_1_7' title="bbox 35 616 1882 718; baseline -0.003 -25"><span class='ocrx_word' id='word_1_50' title='bbox 35 658 72 699; x_wconf 54' lang='lat' dir='ltr'><strong><em>‚z</em></strong></span> <span class='ocrx_word' id='word_1_51' title='bbox 98 635 194 692; x_wconf 80' lang='grc' dir='ltr'><strong><em>καὶ</em></strong></span> <span class='ocrx_word' id='word_1_52' title='bbox 217 616 572 707; x_wconf 77' lang='grc' dir='ltr'><strong><em>θρηνοῦσαν,</em></strong></span> <span class='ocrx_word' id='word_1_53' title='bbox 590 633 909 718; x_wconf 51' lang='lat' dir='ltr'><strong><em>{3212wa</em></strong></span> <span class='ocrx_word' id='word_1_54' title='bbox 959 631 1059 686; x_wconf 86' lang='grc' dir='ltr'><strong><em>τὸν</em></strong></span> <span class='ocrx_word' id='word_1_55' title='bbox 1085 633 1147 686; x_wconf 80' lang='grc' dir='ltr'><strong><em>δὲ</em></strong></span> <span class='ocrx_word' id='word_1_56' title='bbox 1173 633 1423 703; x_wconf 89' lang='grc' dir='ltr'><strong><em>πόλεμον</em></strong></span> <span class='ocrx_word' id='word_1_57' title='bbox 1449 634 1642 700; x_wconf 85' lang='grc' dir='ltr'><strong><em>ἔλεγεν</em></strong></span> <span class='ocrx_word' id='word_1_58' title='bbox 1666 622 1793 685; x_wconf 89' lang='grc' dir='ltr'><strong><em>ωδε.</em></strong></span> <span class='ocrx_word' id='word_1_59' title='bbox 1818 635 1882 688; x_wconf 85' lang='grc'><strong><em>13</em></strong></span> 
     </span>
    </p>

    <p class='ocr_par' dir='ltr' id='par_1_4' title="bbox 201 715 1796 791">
     <span class='ocr_line' id='line_1_8' title="bbox 201 715 1796 791; baseline -0.004 -16"><span class='ocrx_word' id='word_1_60' title='bbox 201 719 370 791; x_wconf 81' lang='grc' dir='ltr'><em>ἤγετο</em></span> <span class='ocrx_word' id='word_1_61' title='bbox 397 719 553 784; x_wconf 82' lang='grc' dir='ltr'><strong><em>ξένος</em></strong></span> <span class='ocrx_word' id='word_1_62' title='bbox 578 721 806 781; x_wconf 80' lang='grc' dir='ltr'><strong><em>νεανίας</em></strong></span> <span class='ocrx_word' id='word_1_63' title='bbox 839 739 948 786; x_wconf 91' lang='grc' dir='ltr'><strong><em>τις,</em></strong></span> <span class='ocrx_word' id='word_1_64' title='bbox 988 718 1185 771; x_wconf 87' lang='grc' dir='ltr'><strong><em>κάλλει</em></strong></span> <span class='ocrx_word' id='word_1_65' title='bbox 1211 738 1271 771; x_wconf 89' lang='grc' dir='ltr'><strong><em>τε</em></strong></span> <span class='ocrx_word' id='word_1_66' title='bbox 1298 717 1392 771; x_wconf 87' lang='grc' dir='ltr'><strong><em>καὶ</em></strong></span> <span class='ocrx_word' id='word_1_67' title='bbox 1416 715 1645 786; x_wconf 78' lang='grc' dir='ltr'><em>μεγέθει</em></span> <span class='ocrx_word' id='word_1_68' title='bbox 1670 715 1796 769; x_wconf 89' lang='grc' dir='ltr'><strong><em>δια-</em></strong></span> 
     </span>
    </p>

    <p class='ocr_par' dir='ltr' id='par_1_5' title="bbox 27 800 1804 878">
     <span class='ocr_line' id='line_1_9' title="bbox 27 800 1804 878; baseline -0.005 -17"><span class='ocrx_word' id='word_1_69' title='bbox 27 811 46 878; x_wconf 99' lang='lat' dir='ltr'><em>J</em></span> <span class='ocrx_word' id='word_1_70' title='bbox 98 807 308 877; x_wconf 82' lang='grc' dir='ltr'><strong><em>φέρων,</em></strong></span> <span class='ocrx_word' id='word_1_71' title='bbox 346 825 420 868; x_wconf 88' lang='grc' dir='ltr'><strong><em>ως</em></strong></span> <span class='ocrx_word' id='word_1_72' title='bbox 438 802 943 873; x_wconf 73' lang='grc' dir='ltr'><strong><em>Ὀροονδάτηνίτόν</em></strong></span> <span class='ocrx_word' id='word_1_73' title='bbox 967 803 1216 873; x_wconf 89' lang='grc' dir='ltr'><strong><em>μεγάλου</em></strong></span> <span class='ocrx_word' id='word_1_74' title='bbox 1241 802 1514 871; x_wconf 86' lang='grc' dir='ltr'><strong><em>βασιλέως</em></strong></span> <span class='ocrx_word' id='word_1_75' title='bbox 1539 800 1804 870; x_wconf 45' lang='grc' dir='ltr'><strong><em>ὕπαρχον)</em></strong></span> 
     </span>
    </p>

    <p class='ocr_par' dir='ltr' id='par_1_6' title="bbox 27 882 1797 961">
     <span class='ocr_line' id='line_1_10' title="bbox 27 882 1797 961; baseline -0.004 -16"><span class='ocrx_word' id='word_1_76' title='bbox 27 882 45 899; x_wconf 76' lang='grc'>”</span> <span class='ocrx_word' id='word_1_77' title='bbox 100 892 179 956; x_wconf 81' lang='grc' dir='ltr'><strong><em>εἰς</em></strong></span> <span class='ocrx_word' id='word_1_78' title='bbox 202 891 307 961; x_wconf 83' lang='grc' dir='ltr'><strong><em>τὴν</em></strong></span> <span class='ocrx_word' id='word_1_79' title='bbox 332 890 588 958; x_wconf 82' lang='grc' dir='ltr'><em>Μέμφιν.</em></span> <span class='ocrx_word' id='word_1_80' title='bbox 647 887 959 942; x_wconf 71' lang='grc' dir='ltr'><strong><em>ἀπέσταλτο</em></strong></span> <span class='ocrx_word' id='word_1_81' title='bbox 987 888 1075 957; x_wconf 90' lang='grc' dir='ltr'><strong><em>δέ,</em></strong></span> <span class='ocrx_word' id='word_1_82' title='bbox 1104 884 1286 956; x_wconf 83' lang='grc' dir='ltr'><strong><em>οἶμαι,</em></strong></span> <span class='ocrx_word' id='word_1_83' title='bbox 1315 887 1468 957; x_wconf 82' lang='grc' dir='ltr'><strong><em>παρὰ</em></strong></span> <span class='ocrx_word' id='word_1_84' title='bbox 1495 886 1797 954; x_wconf 90' lang='grc' dir='ltr'><strong><em>Μιτράνου</em></strong></span> 
     </span>
    </p>

    <p class='ocr_par' dir='ltr' id='par_1_7' title="bbox 24 969 1798 1045">
     <span class='ocr_line' id='line_1_11' title="bbox 24 969 1798 1045; baseline -0.003 -15"><span class='ocrx_word' id='word_1_85' title='bbox 24 973 58 1006; x_wconf 88' lang='grc'><strong><em>’·</em></strong></span> <span class='ocrx_word' id='word_1_86' title='bbox 97 979 199 1031; x_wconf 84' lang='grc' dir='ltr'><strong><em>τοῦ</em></strong></span> <span class='ocrx_word' id='word_1_87' title='bbox 238 977 608 1045; x_wconf 80' lang='grc' dir='ltr'><strong><em>φρουράρχου</em></strong></span> <span class='ocrx_word' id='word_1_88' title='bbox 648 975 889 1043; x_wconf 82' lang='grc' dir='ltr'><strong><em>ληφθεὶς</em></strong></span> <span class='ocrx_word' id='word_1_89' title='bbox 914 972 1279 1042; x_wconf 83' lang='grc' dir='ltr'><strong><em>αἰχμάλωτος,</em></strong></span> <span class='ocrx_word' id='word_1_90' title='bbox 1321 969 1395 1036; x_wconf 76' lang='grc' dir='ltr'><strong><em>ὥς</em></strong></span> <span class='ocrx_word' id='word_1_91' title='bbox 1420 992 1472 1026; x_wconf 90' lang='grc' dir='ltr'><strong><em>τι</em></strong></span> <span class='ocrx_word' id='word_1_92' title='bbox 1498 975 1614 1025; x_wconf 76' lang='grc' dir='ltr'><strong><em>τῶν</em></strong></span> <span class='ocrx_word' id='word_1_93' title='bbox 1639 973 1798 1041; x_wconf 87' lang='grc' dir='ltr'><strong><em>μεγί-</em></strong></span> 
     </span>
    </p>

    <p class='ocr_par' dir='ltr' id='par_1_8' title="bbox 99 1053 1798 1127">
     <span class='ocr_line' id='line_1_12' title="bbox 99 1053 1798 1127; baseline -0.004 -13"><span class='ocrx_word' id='word_1_94' title='bbox 99 1074 249 1114; x_wconf 89' lang='grc' dir='ltr'><strong><em>στων</em></strong></span> <span class='ocrx_word' id='word_1_95' title='bbox 273 1059 495 1127; x_wconf 92' lang='grc' dir='ltr'><strong><em>δώρων,</em></strong></span> <span class='ocrx_word' id='word_1_96' title='bbox 523 1055 596 1121; x_wconf 74' lang='grc' dir='ltr'><strong><em>ὡς</em></strong></span> <span class='ocrx_word' id='word_1_97' title='bbox 622 1061 776 1127; x_wconf 90' lang='grc' dir='ltr'><strong><em>φασί.</em></strong></span> <span class='ocrx_word' id='word_1_98' title='bbox 828 1063 1034 1112; x_wconf 87' lang='grc' dir='ltr'><strong><em>τοῦτον</em></strong></span> <span class='ocrx_word' id='word_1_99' title='bbox 1061 1059 1122 1111; x_wconf 95' lang='grc' dir='ltr'><strong><em>οι</em></strong></span> <span class='ocrx_word' id='word_1_100' title='bbox 1139 1060 1236 1126; x_wconf 82' lang='grc' dir='ltr'><strong><em>τῆς</em></strong></span> <span class='ocrx_word' id='word_1_101' title='bbox 1262 1058 1451 1127; x_wconf 85' lang='grc' dir='ltr'><strong><em>κώμης</em></strong></span> <span class='ocrx_word' id='word_1_102' title='bbox 1474 1061 1573 1126; x_wconf 87' lang='grc' dir='ltr'><strong><em>τῆς</em></strong></span> <span class='ocrx_word' id='word_1_103' title='bbox 1597 1053 1798 1125; x_wconf 82' lang='grc' dir='ltr'><strong><em>ἡμετέ-</em></strong></span> 
     </span>
    </p>

    <p class='ocr_par' dir='ltr' id='par_1_9' title="bbox 0 1128 1799 1243">
     <span class='ocr_line' id='line_1_13' title="bbox 0 1128 1799 1243; baseline -0.002 -47"><span class='ocrx_word' id='word_1_104' title='bbox 0 1131 7 1196; x_wconf 55' lang='grc' dir='ltr'>ἶ</span> <span class='ocrx_word' id='word_1_105' title='bbox 51 1152 53 1155; x_wconf 79' lang='grc'><strong>“</strong></span> <span class='ocrx_word' id='word_1_106' title='bbox 98 1165 198 1215; x_wconf 88' lang='grc' dir='ltr'><strong><em>ρας</em></strong></span> <span class='ocrx_word' id='word_1_107' title='bbox 228 1147 491 1213; x_wconf 86' lang='grc' dir='ltr'><strong><em>ταυτησί,</em></strong></span> <span class='ocrx_word' id='word_1_108' title='bbox 514 1128 759 1243; x_wconf 53' lang='grc' dir='ltr'><strong><em>(δείξασα</em></strong></span> <span class='ocrx_word' id='word_1_109' title='bbox 792 1140 896 1212; x_wconf 85' lang='grc' dir='ltr'><strong><em>τὴν</em></strong></span> <span class='ocrx_word' id='word_1_110' title='bbox 933 1134 1249 1212; x_wconf 76' lang='grc' dir='ltr'><strong><em>ἐχομένην,)</em></strong></span> <span class='ocrx_word' id='word_1_111' title='bbox 1266 1142 1606 1204; x_wconf 82' lang='grc' dir='ltr'><em>ἐπελθόντες</em></span> <span class='ocrx_word' id='word_1_112' title='bbox 1636 1138 1799 1209; x_wconf 83' lang='grc' dir='ltr'><strong><em>ἀφεί-</em></strong></span> 
     </span>
    </p>

    <p class='ocr_par' dir='ltr' id='par_1_10' title="bbox 97 1222 1800 1299">
     <span class='ocr_line' id='line_1_14' title="bbox 97 1222 1800 1299; baseline -0.005 -15"><span class='ocrx_word' id='word_1_113' title='bbox 97 1232 301 1298; x_wconf 86' lang='grc' dir='ltr'><strong><em>λοντο,</em></strong></span> <span class='ocrx_word' id='word_1_114' title='bbox 301 1222 643 1299; x_wconf 77' lang='grc' dir='ltr'><strong><em>γνωρίζειν</em></strong></span> <span class='ocrx_word' id='word_1_115' title='bbox 651 1226 751 1281; x_wconf 78' lang='grc' dir='ltr'><strong><em>εἴτ’</em></strong></span> <span class='ocrx_word' id='word_1_116' title='bbox 782 1227 887 1280; x_wconf 85' lang='grc' dir='ltr'><strong><em>οὐν</em></strong></span> <span class='ocrx_word' id='word_1_117' title='bbox 912 1225 1291 1297; x_wconf 77' lang='grc' dir='ltr'><strong><em>ἀληθεύοντες</em></strong></span> <span class='ocrx_word' id='word_1_118' title='bbox 1319 1232 1428 1281; x_wconf 77' lang='grc' dir='ltr'><strong><em>εἴτε</em></strong></span> <span class='ocrx_word' id='word_1_119' title='bbox 1454 1226 1548 1280; x_wconf 83' lang='grc' dir='ltr'><strong><em>καὶ</em></strong></span> <span class='ocrx_word' id='word_1_120' title='bbox 1574 1225 1800 1295; x_wconf 84' lang='grc' dir='ltr'><strong><em>πρόφα-</em></strong></span> 
     </span>
    </p>

    <p class='ocr_par' dir='ltr' id='par_1_11' title="bbox 97 1310 1800 1467">
     <span class='ocr_line' id='line_1_15' title="bbox 98 1310 1800 1383; baseline -0.004 -15"><span class='ocrx_word' id='word_1_121' title='bbox 98 1328 192 1369; x_wconf 89' lang='grc' dir='ltr'><strong><em>σιν</em></strong></span> <span class='ocrx_word' id='word_1_122' title='bbox 216 1314 549 1376; x_wconf 86' lang='grc' dir='ltr'><strong><em>πλάσαντες.</em></strong></span> <span class='ocrx_word' id='word_1_123' title='bbox 606 1311 636 1367; x_wconf 89' lang='grc' dir='ltr'>ὁ</span> <span class='ocrx_word' id='word_1_124' title='bbox 664 1311 733 1382; x_wconf 79' lang='grc' dir='ltr'><strong><em>δὴ</em></strong></span> <span class='ocrx_word' id='word_1_125' title='bbox 762 1313 1060 1383; x_wconf 85' lang='grc' dir='ltr'><strong><em>Μιτράνης</em></strong></span> <span class='ocrx_word' id='word_1_126' title='bbox 1095 1316 1272 1365; x_wconf 85' lang='grc' dir='ltr'><strong><em>ταῦτα</em></strong></span> <span class='ocrx_word' id='word_1_127' title='bbox 1310 1313 1666 1379; x_wconf 81' lang='grc' dir='ltr'><strong><em>πυθόμενος,</em></strong></span> <span class='ocrx_word' id='word_1_128' title='bbox 1706 1310 1800 1363; x_wconf 87' lang='grc' dir='ltr'><strong><em>καὶ</em></strong></span> 
     </span>
     <span class='ocr_line' id='line_1_16' title="bbox 97 1394 1799 1467; baseline -0.004 -13"><span class='ocrx_word' id='word_1_129' title='bbox 97 1397 239 1454; x_wconf 77' lang='grc' dir='ltr'><strong><em>κατὰ</em></strong></span> <span class='ocrx_word' id='word_1_130' title='bbox 263 1400 326 1454; x_wconf 86' lang='grc' dir='ltr'><strong><em>τὸ</em></strong></span> <span class='ocrx_word' id='word_1_131' title='bbox 358 1396 507 1462; x_wconf 83' lang='grc' dir='ltr'><strong><em>εἰκὸς</em></strong></span> <span class='ocrx_word' id='word_1_132' title='bbox 531 1396 942 1467; x_wconf 79' lang='grc' dir='ltr'><strong><em>ἀγανακτήσας,</em></strong></span> <span class='ocrx_word' id='word_1_133' title='bbox 972 1396 1359 1463; x_wconf 85' lang='grc' dir='ltr'><strong><em>ἐπιστρατεύει</em></strong></span> <span class='ocrx_word' id='word_1_134' title='bbox 1384 1400 1452 1467; x_wconf 84' lang='grc' dir='ltr'><strong><em>τῇ</em></strong></span> <span class='ocrx_word' id='word_1_135' title='bbox 1479 1394 1637 1466; x_wconf 84' lang='grc' dir='ltr'><strong><em>κώμῃ</em></strong></span> <span class='ocrx_word' id='word_1_136' title='bbox 1667 1395 1799 1448; x_wconf 87' lang='grc' dir='ltr'><strong><em>δυσὶ</em></strong></span> 
     </span>
    </p>

    <p class='ocr_par' dir='ltr' id='par_1_12' title="bbox 0 1480 1799 1554">
     <span class='ocr_line' id='line_1_17' title="bbox 0 1480 1799 1554; baseline -0.003 -16"><span class='ocrx_word' id='word_1_137' title='bbox 0 1493 9 1504; x_wconf 79' lang='lat'><em>&#39;</em></span> <span class='ocrx_word' id='word_1_138' title='bbox 96 1485 326 1547; x_wconf 87' lang='grc' dir='ltr'><strong><em>ταύταις</em></strong></span> <span class='ocrx_word' id='word_1_139' title='bbox 363 1482 642 1554; x_wconf 90' lang='grc' dir='ltr'><strong><em>πρότερον</em></strong></span> <span class='ocrx_word' id='word_1_140' title='bbox 678 1480 924 1552; x_wconf 84' lang='grc' dir='ltr'><strong><em>ἡμέραις.</em></strong></span> <span class='ocrx_word' id='word_1_141' title='bbox 984 1482 1079 1534; x_wconf 85' lang='grc' dir='ltr'><strong><em>καὶ</em></strong></span> <span class='ocrx_word' id='word_1_142' title='bbox 1117 1484 1234 1535; x_wconf 83' lang='grc' dir='ltr'><strong><em>ἔστι</em></strong></span> <span class='ocrx_word' id='word_1_143' title='bbox 1271 1480 1379 1551; x_wconf 80' lang='grc' dir='ltr'><strong><em>γὰρ</em></strong></span> <span class='ocrx_word' id='word_1_144' title='bbox 1405 1480 1799 1550; x_wconf 72' lang='grc' dir='ltr'><strong><em>μαχιμώτατον</em></strong></span> 
     </span>
    </p>

    <p class='ocr_par' dir='ltr' id='par_1_13' title="bbox 0 1555 1800 1640">
     <span class='ocr_line' id='line_1_18' title="bbox 96 1563 1800 1638; baseline -0.002 -17.16"><span class='ocrx_word' id='word_1_145' title='bbox 96 1565 130 1637; x_wconf 85' lang='grc' dir='ltr'><strong><em>ἡ</em></strong></span> <span class='ocrx_word' id='word_1_146' title='bbox 168 1569 328 1638; x_wconf 87' lang='grc' dir='ltr'><strong><em>κώμη</em></strong></span> <span class='ocrx_word' id='word_1_147' title='bbox 366 1568 557 1637; x_wconf 85' lang='grc' dir='ltr'><strong><em>γένος,</em></strong></span> <span class='ocrx_word' id='word_1_148' title='bbox 596 1570 726 1636; x_wconf 88' lang='grc' dir='ltr'><strong><em>βίον</em></strong></span> <span class='ocrx_word' id='word_1_149' title='bbox 763 1565 850 1620; x_wconf 88' lang='grc' dir='ltr'><strong><em>αεὶ</em></strong></span> <span class='ocrx_word' id='word_1_150' title='bbox 888 1566 992 1636; x_wconf 85' lang='grc' dir='ltr'><strong><em>τὴν</em></strong></span> <span class='ocrx_word' id='word_1_151' title='bbox 1017 1570 1284 1637; x_wconf 83' lang='grc' dir='ltr'><strong><em>λῃστείαν</em></strong></span> <span class='ocrx_word' id='word_1_152' title='bbox 1312 1567 1679 1635; x_wconf 83' lang='grc' dir='ltr'><strong><em>πεποιημένοι</em></strong></span> <span class='ocrx_word' id='word_1_153' title='bbox 1706 1563 1800 1617; x_wconf 85' lang='grc' dir='ltr'><strong><em>καὶ</em></strong></span> 
     </span>
    </p>

    <p class='ocr_par' dir='ltr' id='par_1_14' title="bbox 6 1635 1797 1742">
     <span class='ocr_line' id='line_1_19' title="bbox 6 1635 1797 1742; baseline -0.003 -33.929"><span class='ocrx_word' id='word_1_154' title='bbox 6 1635 54 1742; x_wconf 44' lang='grc' dir='ltr'><strong><em>ζ,</em></strong></span> <span class='ocrx_word' id='word_1_155' title='bbox 95 1655 353 1708; x_wconf 81' lang='grc' dir='ltr'><strong><em>θανάτου</em></strong></span> <span class='ocrx_word' id='word_1_156' title='bbox 390 1652 599 1714; x_wconf 88' lang='grc' dir='ltr'><strong><em>παντὸς</em></strong></span> <span class='ocrx_word' id='word_1_157' title='bbox 637 1650 970 1721; x_wconf 85' lang='grc' dir='ltr'><strong><em>ὑπερόπται,</em></strong></span> <span class='ocrx_word' id='word_1_158' title='bbox 1012 1653 1105 1705; x_wconf 89' lang='grc' dir='ltr'><strong><em>και</em></strong></span> <span class='ocrx_word' id='word_1_159' title='bbox 1144 1649 1359 1714; x_wconf 86' lang='grc' dir='ltr'><strong><em>πολλας</em></strong></span> <span class='ocrx_word' id='word_1_160' title='bbox 1397 1651 1465 1721; x_wconf 75' lang='grc' dir='ltr'><strong><em>δή</em></strong></span> <span class='ocrx_word' id='word_1_161' title='bbox 1507 1652 1601 1706; x_wconf 85' lang='grc' dir='ltr'><strong><em>διὰ</em></strong></span> <span class='ocrx_word' id='word_1_162' title='bbox 1628 1654 1797 1703; x_wconf 86' lang='grc' dir='ltr'><strong><em>τοῦτο</em></strong></span> 
     </span>
    </p>

    <p class='ocr_par' dir='ltr' id='par_1_15' title="bbox 0 1735 1795 1806">
     <span class='ocr_line' id='line_1_20' title="bbox 0 1735 1795 1806; baseline 0.002 -19"><span class='ocrx_word' id='word_1_163' title='bbox 0 1760 10 1787; x_wconf 54' lang='lat'><strong><em>22</em></strong></span> <span class='ocrx_word' id='word_1_164' title='bbox 33 1749 51 1802; x_wconf 55' lang='lat'><strong><em>57</em></strong></span> <span class='ocrx_word' id='word_1_165' title='bbox 99 1739 398 1806; x_wconf 83' lang='grc' dir='ltr'><strong><em>πολλάκις,</em></strong></span> <span class='ocrx_word' id='word_1_166' title='bbox 426 1735 600 1800; x_wconf 78' lang='grc' dir='ltr'><strong><em>ἄλλας</em></strong></span> <span class='ocrx_word' id='word_1_167' title='bbox 625 1756 683 1790; x_wconf 90' lang='grc' dir='ltr'><strong><em>τε</em></strong></span> <span class='ocrx_word' id='word_1_168' title='bbox 710 1735 851 1805; x_wconf 79' lang='grc' dir='ltr'><strong><em>κάμὲ</em></strong></span> <span class='ocrx_word' id='word_1_169' title='bbox 877 1735 940 1790; x_wconf 87' lang='grc' dir='ltr'><strong><em>τὸ</em></strong></span> <span class='ocrx_word' id='word_1_170' title='bbox 966 1737 1169 1806; x_wconf 88' lang='grc' dir='ltr'><strong><em>παρόν,</em></strong></span> <span class='ocrx_word' id='word_1_171' title='bbox 1199 1737 1429 1805; x_wconf 81' lang='grc' dir='ltr'><strong><em>ἀνδρων</em></strong></span> <span class='ocrx_word' id='word_1_172' title='bbox 1455 1758 1515 1791; x_wconf 88' lang='grc' dir='ltr'><strong><em>τε</em></strong></span> <span class='ocrx_word' id='word_1_173' title='bbox 1542 1739 1635 1791; x_wconf 87' lang='grc' dir='ltr'><strong><em>καὶ</em></strong></span> <span class='ocrx_word' id='word_1_174' title='bbox 1662 1739 1795 1790; x_wconf 89' lang='grc' dir='ltr'><strong><em>παί-</em></strong></span> 
     </span>
    </p>

    <p class='ocr_par' dir='ltr' id='par_1_16' title="bbox 0 1820 1797 1892">
     <span class='ocr_line' id='line_1_21' title="bbox 0 1820 1797 1892; baseline -0.001 -16"><span class='ocrx_word' id='word_1_175' title='bbox 0 1882 4 1883; x_wconf 16' lang='lat'><em>⁷</em></span> <span class='ocrx_word' id='word_1_176' title='bbox 98 1823 215 1876; x_wconf 92' lang='grc' dir='ltr'><strong><em>δων</em></strong></span> <span class='ocrx_word' id='word_1_177' title='bbox 250 1822 630 1892; x_wconf 87' lang='grc' dir='ltr'><strong><em>χηρώσαντες·</em></strong></span> <span class='ocrx_word' id='word_1_178' title='bbox 670 1820 862 1891; x_wconf 86' lang='grc' dir='ltr'><strong><em>ἐπειδη</em></strong></span> <span class='ocrx_word' id='word_1_179' title='bbox 893 1820 996 1891; x_wconf 85' lang='grc' dir='ltr'><strong><em>τὴν</em></strong></span> <span class='ocrx_word' id='word_1_180' title='bbox 1023 1823 1233 1891; x_wconf 81' lang='grc' dir='ltr'><strong><em>ἔφοδον</em></strong></span> <span class='ocrx_word' id='word_1_181' title='bbox 1262 1822 1534 1892; x_wconf 84' lang='grc' dir='ltr'><strong><em>ἐσομένην</em></strong></span> <span class='ocrx_word' id='word_1_182' title='bbox 1563 1822 1797 1891; x_wconf 85' lang='grc' dir='ltr'><strong><em>ἐτεκμή-</em></strong></span> 
     </span>
    </p>

    <p class='ocr_par' dir='ltr' id='par_1_17' title="bbox 0 1898 1797 2231">
     <span class='ocr_line' id='line_1_22' title="bbox 0 1898 1797 1976; baseline 0 -15"><span class='ocrx_word' id='word_1_183' title='bbox 0 1898 71 1973; x_wconf 56' lang='grc' dir='ltr'><strong><em>ξω</em></strong></span> <span class='ocrx_word' id='word_1_184' title='bbox 99 1927 289 1976; x_wconf 88' lang='grc' dir='ltr'><strong><em>ραντο,</em></strong></span> <span class='ocrx_word' id='word_1_185' title='bbox 329 1908 727 1974; x_wconf 77' lang='grc' dir='ltr'><strong><em>προλοχίζουσί</em></strong></span> <span class='ocrx_word' id='word_1_186' title='bbox 757 1905 823 1959; x_wconf 92' lang='grc' dir='ltr'><strong><em>τέ</em></strong></span> <span class='ocrx_word' id='word_1_187' title='bbox 852 1927 1010 1969; x_wconf 89' lang='grc' dir='ltr'><strong><em>τινας</em></strong></span> <span class='ocrx_word' id='word_1_188' title='bbox 1049 1907 1308 1975; x_wconf 81' lang='grc' dir='ltr'><strong><em>ἐνέδρας,</em></strong></span> <span class='ocrx_word' id='word_1_189' title='bbox 1357 1908 1451 1960; x_wconf 84' lang='grc' dir='ltr'><strong><em>καὶ</em></strong></span> <span class='ocrx_word' id='word_1_190' title='bbox 1501 1908 1797 1976; x_wconf 77' lang='grc' dir='ltr'><strong><em>δεξάμενοι</em></strong></span> 
     </span>
     <span class='ocr_line' id='line_1_23' title="bbox 36 1990 1795 2060; baseline -0.002 -11"><span class='ocrx_word' id='word_1_191' title='bbox 36 2047 38 2050; x_wconf 24' lang='lat'><em>⁴</em></span> <span class='ocrx_word' id='word_1_192' title='bbox 97 1990 230 2056; x_wconf 84' lang='grc' dir='ltr'><strong><em>τούς</em></strong></span> <span class='ocrx_word' id='word_1_193' title='bbox 268 1993 562 2055; x_wconf 85' lang='grc' dir='ltr'><strong><em>ἐναντίους</em></strong></span> <span class='ocrx_word' id='word_1_194' title='bbox 600 1990 1055 2060; x_wconf 85' lang='grc' dir='ltr'><strong><em>ἐπικρατέστεροι</em></strong></span> <span class='ocrx_word' id='word_1_195' title='bbox 1090 1994 1373 2059; x_wconf 91' lang='grc' dir='ltr'><strong><em>γίνονται,</em></strong></span> <span class='ocrx_word' id='word_1_196' title='bbox 1423 1995 1482 2044; x_wconf 75' lang='grc' dir='ltr'><strong><em>οἳ</em></strong></span> <span class='ocrx_word' id='word_1_197' title='bbox 1513 1993 1618 2060; x_wconf 82' lang='grc' dir='ltr'><strong><em>μὲν</em></strong></span> <span class='ocrx_word' id='word_1_198' title='bbox 1655 1990 1795 2046; x_wconf 76' lang='grc' dir='ltr'><strong><em>κατα</em></strong></span> 
     </span>
     <span class='ocr_line' id='line_1_24' title="bbox 99 2075 1796 2147; baseline -0.001 -17"><span class='ocrx_word' id='word_1_199' title='bbox 99 2076 274 2147; x_wconf 89' lang='grc' dir='ltr'><strong><em>στόμα</em></strong></span> <span class='ocrx_word' id='word_1_200' title='bbox 311 2077 405 2130; x_wconf 86' lang='grc' dir='ltr'><strong><em>καὶ</em></strong></span> <span class='ocrx_word' id='word_1_201' title='bbox 442 2075 503 2129; x_wconf 87' lang='grc' dir='ltr'><strong><em>ἐκ</em></strong></span> <span class='ocrx_word' id='word_1_202' title='bbox 539 2079 643 2130; x_wconf 85' lang='grc' dir='ltr'><strong><em>τοῦ</em></strong></span> <span class='ocrx_word' id='word_1_203' title='bbox 682 2075 879 2138; x_wconf 83' lang='grc' dir='ltr'><strong><em>εὐθέος</em></strong></span> <span class='ocrx_word' id='word_1_204' title='bbox 915 2077 1242 2146; x_wconf 86' lang='grc' dir='ltr'><strong><em>μαχόμενοι,</em></strong></span> <span class='ocrx_word' id='word_1_205' title='bbox 1282 2079 1341 2130; x_wconf 83' lang='grc' dir='ltr'><strong><em>οἳ</em></strong></span> <span class='ocrx_word' id='word_1_206' title='bbox 1363 2077 1425 2129; x_wconf 79' lang='grc' dir='ltr'><strong><em>δὲ</em></strong></span> <span class='ocrx_word' id='word_1_207' title='bbox 1452 2078 1693 2130; x_wconf 89' lang='grc' dir='ltr'><strong><em>κατόπιν</em></strong></span> <span class='ocrx_word' id='word_1_208' title='bbox 1733 2077 1796 2131; x_wconf 89' lang='grc' dir='ltr'><strong><em>ἐκ</em></strong></span> 
     </span>
     <span class='ocr_line' id='line_1_25' title="bbox 97 2159 1789 2231; baseline -0.001 -16"><span class='ocrx_word' id='word_1_209' title='bbox 97 2164 212 2215; x_wconf 76' lang='grc' dir='ltr'><strong><em>τῶν</em></strong></span> <span class='ocrx_word' id='word_1_210' title='bbox 237 2160 419 2230; x_wconf 88' lang='grc' dir='ltr'><strong><em>λόχων</em></strong></span> <span class='ocrx_word' id='word_1_211' title='bbox 445 2159 904 2230; x_wconf 86' lang='grc' dir='ltr'><strong><em>άπροφυλάκτοις</em></strong></span> <span class='ocrx_word' id='word_1_212' title='bbox 929 2159 1038 2214; x_wconf 83' lang='grc' dir='ltr'><strong><em>σὺν</em></strong></span> <span class='ocrx_word' id='word_1_213' title='bbox 1063 2164 1172 2231; x_wconf 85' lang='grc' dir='ltr'><strong><em>βοῇ</em></strong></span> <span class='ocrx_word' id='word_1_214' title='bbox 1202 2171 1318 2224; x_wconf 81' lang='grc' dir='ltr'><strong><em>τοῖς</em></strong></span> <span class='ocrx_word' id='word_1_215' title='bbox 1343 2161 1591 2229; x_wconf 90' lang='grc' dir='ltr'><strong><em>Πέρσαις</em></strong></span> <span class='ocrx_word' id='word_1_216' title='bbox 1627 2163 1789 2215; x_wconf 81' lang='grc' dir='ltr'><strong><em>ἐπελ-</em></strong></span> 
     </span>
    </p>

    <p class='ocr_par' dir='ltr' id='par_1_18' title="bbox 0 2243 1798 2316">
     <span class='ocr_line' id='line_1_26' title="bbox 0 2243 1798 2316; baseline 0.001 -18"><span class='ocrx_word' id='word_1_217' title='bbox 0 2245 9 2249; x_wconf 77' lang='grc'><strong>”</strong></span> <span class='ocrx_word' id='word_1_218' title='bbox 42 2255 43 2258; x_wconf 78' lang='grc'>’</span> <span class='ocrx_word' id='word_1_219' title='bbox 97 2245 312 2309; x_wconf 82' lang='grc' dir='ltr'><strong><em>θόντες.</em></strong></span> <span class='ocrx_word' id='word_1_220' title='bbox 352 2243 446 2299; x_wconf 87' lang='grc' dir='ltr'><strong><em>καὶ</em></strong></span> <span class='ocrx_word' id='word_1_221' title='bbox 472 2249 661 2299; x_wconf 90' lang='grc' dir='ltr'><strong><em>πίπτει</em></strong></span> <span class='ocrx_word' id='word_1_222' title='bbox 686 2247 791 2314; x_wconf 79' lang='grc' dir='ltr'><strong><em>μὲν</em></strong></span> <span class='ocrx_word' id='word_1_223' title='bbox 817 2243 847 2299; x_wconf 89' lang='grc' dir='ltr'>ὁ</span> <span class='ocrx_word' id='word_1_224' title='bbox 870 2246 1165 2316; x_wconf 86' lang='grc' dir='ltr'><strong><em>Μιτράνης</em></strong></span> <span class='ocrx_word' id='word_1_225' title='bbox 1193 2247 1257 2299; x_wconf 90' lang='grc' dir='ltr'><strong><em>ἐν</em></strong></span> <span class='ocrx_word' id='word_1_226' title='bbox 1284 2246 1527 2315; x_wconf 79' lang='grc' dir='ltr'><strong><em>πρώτοις</em></strong></span> <span class='ocrx_word' id='word_1_227' title='bbox 1554 2246 1798 2316; x_wconf 86' lang='grc' dir='ltr'><strong><em>μαχόμε-</em></strong></span> 
     </span>
    </p>

    <p class='ocr_par' dir='ltr' id='par_1_19' title="bbox 0 2324 1799 2422">
     <span class='ocr_line' id='line_1_27' title="bbox 0 2324 1799 2422; baseline 0.001 -40"><span class='ocrx_word' id='word_1_228' title='bbox 0 2353 14 2390; x_wconf 74' lang='lat'>1</span> <span class='ocrx_word' id='word_1_229' title='bbox 38 2324 75 2422; x_wconf 52' lang='grc' dir='ltr'><strong><em>ᾗ</em></strong></span> <span class='ocrx_word' id='word_1_230' title='bbox 101 2348 216 2397; x_wconf 88' lang='grc' dir='ltr'><strong><em>νος,</em></strong></span> <span class='ocrx_word' id='word_1_231' title='bbox 242 2331 511 2383; x_wconf 92' lang='grc' dir='ltr'><strong><em>πίπτουσι</em></strong></span> <span class='ocrx_word' id='word_1_232' title='bbox 532 2330 593 2383; x_wconf 81' lang='grc' dir='ltr'><strong><em>δὲ</em></strong></span> <span class='ocrx_word' id='word_1_233' title='bbox 620 2329 733 2383; x_wconf 80' lang='grc' dir='ltr'><strong><em>σύν</em></strong></span> <span class='ocrx_word' id='word_1_234' title='bbox 759 2328 912 2400; x_wconf 75' lang='grc' dir='ltr'><strong><em>αὐτῷ</em></strong></span> <span class='ocrx_word' id='word_1_235' title='bbox 939 2332 1144 2399; x_wconf 89' lang='grc' dir='ltr'><strong><em>σχεδόν</em></strong></span> <span class='ocrx_word' id='word_1_236' title='bbox 1169 2349 1222 2383; x_wconf 91' lang='grc' dir='ltr'><strong><em>τι</em></strong></span> <span class='ocrx_word' id='word_1_237' title='bbox 1248 2332 1456 2395; x_wconf 88' lang='grc' dir='ltr'><strong><em>πάντες</em></strong></span> <span class='ocrx_word' id='word_1_238' title='bbox 1481 2324 1570 2385; x_wconf 86' lang='grc' dir='ltr'><strong><em>οἷα</em></strong></span> <span class='ocrx_word' id='word_1_239' title='bbox 1597 2334 1664 2402; x_wconf 87' lang='grc' dir='ltr'><strong><em>δὴ</em></strong></span> <span class='ocrx_word' id='word_1_240' title='bbox 1694 2351 1799 2385; x_wconf 85' lang='grc' dir='ltr'><strong><em>κυ-</em></strong></span> 
     </span>
    </p>

    <p class='ocr_par' dir='ltr' id='par_1_20' title="bbox 0 2413 1802 2516">
     <span class='ocr_line' id='line_1_28' title="bbox 0 2413 1802 2516; baseline 0.003 -50"><span class='ocrx_word' id='word_1_241' title='bbox 0 2422 8 2490; x_wconf 58' lang='lat' dir='ltr'><em>J</em></span> <span class='ocrx_word' id='word_1_242' title='bbox 102 2413 417 2477; x_wconf 81' lang='grc' dir='ltr'><strong><em>κλωθέντες</em></strong></span> <span class='ocrx_word' id='word_1_243' title='bbox 453 2415 546 2467; x_wconf 85' lang='grc' dir='ltr'><strong><em>καὶ</em></strong></span> <span class='ocrx_word' id='word_1_244' title='bbox 584 2413 717 2467; x_wconf 81' lang='grc' dir='ltr'><strong><em>οὐδὲ</em></strong></span> <span class='ocrx_word' id='word_1_245' title='bbox 754 2418 940 2516; x_wconf 85' lang='grc' dir='ltr'><strong><em>φυγῆς</em></strong></span> <span class='ocrx_word' id='word_1_246' title='bbox 976 2414 1152 2468; x_wconf 88' lang='grc' dir='ltr'><strong><em>τόπον</em></strong></span> <span class='ocrx_word' id='word_1_247' title='bbox 1191 2413 1644 2484; x_wconf 83' lang='grc' dir='ltr'><strong><em>εὐμοιρήσαντες.</em></strong></span> <span class='ocrx_word' id='word_1_248' title='bbox 1707 2421 1802 2471; x_wconf 89' lang='grc' dir='ltr'><strong><em>πί-</em></strong></span> 
     </span>
    </p>

    <p class='ocr_par' dir='ltr' id='par_1_21' title="bbox 46 2480 1803 2657">
     <span class='ocr_line' id='line_1_29' title="bbox 46 2480 1803 2604; baseline 0.003 -53"><span class='ocrx_word' id='word_1_249' title='bbox 46 2498 47 2526; x_wconf 72' lang='lat'><em>³</em></span> <span class='ocrx_word' id='word_1_250' title='bbox 103 2512 306 2552; x_wconf 88' lang='grc' dir='ltr'><strong><em>πτουσι</em></strong></span> <span class='ocrx_word' id='word_1_251' title='bbox 351 2499 413 2553; x_wconf 78' lang='grc' dir='ltr'><strong><em>δὲ</em></strong></span> <span class='ocrx_word' id='word_1_252' title='bbox 459 2496 553 2551; x_wconf 89' lang='grc' dir='ltr'><strong><em>καὶ</em></strong></span> <span class='ocrx_word' id='word_1_253' title='bbox 590 2501 703 2552; x_wconf 84' lang='grc' dir='ltr'><strong><em>τών</em></strong></span> <span class='ocrx_word' id='word_1_254' title='bbox 738 2480 1023 2568; x_wconf 81' lang='grc' dir='ltr'><strong><em>ἡμετέρων</em></strong></span> <span class='ocrx_word' id='word_1_255' title='bbox 1062 2497 1260 2569; x_wconf 82' lang='grc' dir='ltr'><strong><em>ὀλίγοι,</em></strong></span> <span class='ocrx_word' id='word_1_256' title='bbox 1300 2502 1394 2554; x_wconf 88' lang='grc' dir='ltr'><strong><em>καὶ</em></strong></span> <span class='ocrx_word' id='word_1_257' title='bbox 1433 2504 1650 2604; x_wconf 59' lang='grc' dir='ltr'><strong><em>γίνεται</em></strong></span> <span class='ocrx_word' id='word_1_258' title='bbox 1687 2507 1803 2556; x_wconf 79' lang='grc' dir='ltr'><strong><em>τῶν</em></strong></span> 
     </span>
     <span class='ocr_line' id='line_1_30' title="bbox 51 2569 1802 2657; baseline 0.003 -22.162"><span class='ocrx_word' id='word_1_259' title='bbox 51 2578 325 2650; x_wconf 84' lang='grc' dir='ltr'><strong><em>ὀλίγων</em></strong></span> <span class='ocrx_word' id='word_1_260' title='bbox 327 2569 536 2653; x_wconf 79' lang='grc' dir='ltr'><strong><em>βαρεία</em></strong></span> <span class='ocrx_word' id='word_1_261' title='bbox 559 2583 832 2652; x_wconf 85' lang='grc' dir='ltr'><strong><em>βουλήσει</em></strong></span> <span class='ocrx_word' id='word_1_262' title='bbox 866 2571 1299 2657; x_wconf 64' lang='grc' dir='ltr'><strong><em>δαίμονος)καὶ”</em></strong></span> <span class='ocrx_word' id='word_1_263' title='bbox 1273 2605 1302 2638; x_wconf 94' lang='grc' dir='ltr'><strong><em>ο</em></strong></span> <span class='ocrx_word' id='word_1_264' title='bbox 1329 2592 1460 2648; x_wconf 89' lang='grc' dir='ltr'><strong><em>παις</em></strong></span> <span class='ocrx_word' id='word_1_265' title='bbox 1480 2584 1509 2640; x_wconf 90' lang='lat'><em>6</em></span> <span class='ocrx_word' id='word_1_266' title='bbox 1537 2587 1685 2657; x_wconf 89' lang='grc' dir='ltr'><strong><em>ε’μός,</em></strong></span> <span class='ocrx_word' id='word_1_267' title='bbox 1707 2587 1802 2655; x_wconf 85' lang='grc' dir='ltr'><strong><em>βέ-</em></strong></span> 
     </span>
    </p>

    <p class='ocr_par' dir='ltr' id='par_1_22' title="bbox 17 2655 1806 2823">
     <span class='ocr_line' id='line_1_31' title="bbox 17 2655 1803 2740; baseline 0.003 -22"><span class='ocrx_word' id='word_1_268' title='bbox 17 2667 19 2670; x_wconf 76' lang='grc'><strong>’</strong></span> <span class='ocrx_word' id='word_1_269' title='bbox 107 2667 191 2719; x_wconf 89' lang='grc' dir='ltr'><strong><em>λει</em></strong></span> <span class='ocrx_word' id='word_1_270' title='bbox 215 2655 476 2736; x_wconf 71' lang='grc' dir='ltr'><strong><em>Περσικῷ</em></strong></span> <span class='ocrx_word' id='word_1_271' title='bbox 516 2664 657 2735; x_wconf 88' lang='grc' dir='ltr'><strong><em>πρὸς</em></strong></span> <span class='ocrx_word' id='word_1_272' title='bbox 693 2687 761 2719; x_wconf 92' lang='grc' dir='ltr'><strong><em>τα</em></strong></span> <span class='ocrx_word' id='word_1_273' title='bbox 801 2669 1025 2737; x_wconf 91' lang='grc' dir='ltr'><strong><em>στέρνα,</em></strong></span> <span class='ocrx_word' id='word_1_274' title='bbox 1064 2665 1138 2731; x_wconf 83' lang='grc' dir='ltr'><strong><em>ώς</em></strong></span> <span class='ocrx_word' id='word_1_275' title='bbox 1174 2666 1358 2738; x_wconf 82' lang='grc' dir='ltr'><strong><em>ὁρατε,</em></strong></span> <span class='ocrx_word' id='word_1_276' title='bbox 1397 2673 1645 2740; x_wconf 86' lang='grc' dir='ltr'><strong><em>βληθείς.</em></strong></span> <span class='ocrx_word' id='word_1_277' title='bbox 1709 2672 1803 2725; x_wconf 87' lang='grc' dir='ltr'><strong><em>καὶ</em></strong></span> 
     </span>
     <span class='ocr_line' id='line_1_32' title="bbox 13 2748 1806 2823; baseline 0.001 -18.026"><span class='ocrx_word' id='word_1_278' title='bbox 13 2751 228 2812; x_wconf 67' lang='grc' dir='ltr'><strong><em>ιονῦν</em></strong></span> <span class='ocrx_word' id='word_1_279' title='bbox 263 2749 297 2819; x_wconf 81' lang='grc' dir='ltr'>ἡ</span> <span class='ocrx_word' id='word_1_280' title='bbox 335 2748 507 2804; x_wconf 79' lang='grc' dir='ltr'><strong><em>ἀθλία</em></strong></span> <span class='ocrx_word' id='word_1_281' title='bbox 546 2751 645 2804; x_wconf 83' lang='grc' dir='ltr'><strong><em>τὸν</em></strong></span> <span class='ocrx_word' id='word_1_282' title='bbox 681 2752 787 2821; x_wconf 88' lang='grc' dir='ltr'><strong><em>μεν</em></strong></span> <span class='ocrx_word' id='word_1_283' title='bbox 823 2757 1023 2822; x_wconf 76' lang='grc' dir='ltr'><strong><em>θρηνῶ</em></strong></span> <span class='ocrx_word' id='word_1_284' title='bbox 1061 2754 1340 2822; x_wconf 89' lang='grc' dir='ltr'><strong><em>κείμενον,</em></strong></span> <span class='ocrx_word' id='word_1_285' title='bbox 1380 2753 1480 2808; x_wconf 88' lang='grc' dir='ltr'><strong><em>τὸν</em></strong></span> <span class='ocrx_word' id='word_1_286' title='bbox 1518 2755 1580 2809; x_wconf 80' lang='grc' dir='ltr'><strong><em>δὲ</em></strong></span> <span class='ocrx_word' id='word_1_287' title='bbox 1607 2758 1687 2808; x_wconf 83' lang='grc' dir='ltr'><strong><em>ἑτι</em></strong></span> <span class='ocrx_word' id='word_1_288' title='bbox 1711 2774 1806 2823; x_wconf 91' lang='grc' dir='ltr'><strong><em>μοι</em></strong></span> 
     </span>
    </p>

    <p class='ocr_par' dir='ltr' id='par_1_23' title="bbox 119 2830 1807 2907">
     <span class='ocr_line' id='line_1_33' title="bbox 119 2830 1807 2907; baseline 0.001 -19"><span class='ocrx_word' id='word_1_289' title='bbox 119 2830 296 2901; x_wconf 65' lang='grc' dir='ltr'><strong><em>μόνον</em></strong></span> <span class='ocrx_word' id='word_1_290' title='bbox 321 2836 493 2888; x_wconf 81' lang='grc' dir='ltr'><strong><em>παῖδα</em></strong></span> <span class='ocrx_word' id='word_1_291' title='bbox 531 2836 866 2905; x_wconf 88' lang='grc' dir='ltr'><strong><em>λειπόμενον</em></strong></span> <span class='ocrx_word' id='word_1_292' title='bbox 904 2839 1058 2891; x_wconf 82' lang='grc' dir='ltr'><strong><em>ἔοικα</em></strong></span> <span class='ocrx_word' id='word_1_293' title='bbox 1095 2837 1428 2907; x_wconf 87' lang='grc' dir='ltr'><strong><em>θρηνήσειν,</em></strong></span> <span class='ocrx_word' id='word_1_294' title='bbox 1470 2838 1807 2906; x_wconf 86' lang='grc' dir='ltr'><strong><em>ἐκστρατεύ-</em></strong></span> 
     </span>
    </p>
   </div>
   <div class='ocr_carea' id='block_1_3' title="bbox 0 897 75 1634">
    <p class='ocr_par' dir='ltr' id='par_1_24' title="bbox 0 897 75 1634">
     <span class='ocr_line' id='line_1_34' title="bbox 0 897 75 1634; baseline 0 1498"><span class='ocrx_word' id='word_1_295' title='bbox 0 897 75 1634; x_wconf 95' lang='lat' dir='ltr'><strong><em> </em></strong></span> 
     </span>
    </p>
   </div>
  </div>
 </body>
</html>
