1916 3132
700 137 795 184 AE
803 134 1079 183 YTEPON
1711 131 1745 182 4
1754 134 1778 182 l

84 293 184 346 σης
219 276 312 330 καὶ
351 273 488 343 πρὸς
512 272 575 327 τὸ
599 274 848 342 βάσιμον
874 271 1273 340 ἀποψυγείσης.
1325 271 1502 340 δᾷδας
1526 262 1634 322 οὖν
1657 267 1783 339 ἡμι-

85 363 364 432 φλέκτο-υς
399 357 741 426 ἀνευρόντες
777 357 870 410 καὶ
908 359 1147 418 λείψανα
1184 355 1453 424 καλάμων
1482 353 1786 417 ἐξάψαντες

83 446 177 500 καὶ
227 442 290 499 τὸ
338 444 571 512 στόμιον
619 440 945 505 ἀνοίξαντες
994 441 1267 494 κατέθεον
1313 438 1635 507 ἡγουμένου
1682 441 1785 491 τοῦ

84 529 410 599 Κνήμωνος.
471 527 591 581 ἐπεὶ
627 528 688 579 δὲ
726 524 920 595 ὀλίγον
957 524 1268 594 ἀπέβησαν,
1307 523 1527 594 ἀθρόον
1566 521 1595 576 ὁ
1631 522 1784 592 Κνή-

36 643 56 674 5
86 633 208 684 μων
246 612 558 681 ἀνέκραγεν
596 604 640 663 ὦ
682 614 813 678 Ζεῦ,
854 614 911 663 τί
943 614 1137 673 τοῦτο;
1189 607 1588 677 ἀπολώλαμεν·
1642 606 1786 676 ἀνῄ-

86 719 245 768 ρηται
271 701 594 767 Χαρίκλεια.
656 697 750 748 καὶ
787 696 847 749 τό
883 716 941 748 τε
970 695 1291 762 λαμπάδιον
1318 695 1395 755 εἰς
1420 694 1525 761 τὴν
1551 695 1659 761 γῆν
1685 712 1785 745 κα-

83 780 342 852 ταβαλών
372 776 664 849 ἀπέσβεσε,
693 780 785 833 καὶ
811 779 886 833 τώ
914 790 1062 849 χεῖρε
1083 789 1198 842 τοῖς
1216 778 1546 848 ιὀφθαλμοῖς
1574 778 1783 844 ἐπαγα-

83 867 222 935 γών,
274 868 351 929 εἰς
396 867 541 933 γόνυ
578 884 639 918 τε
688 863 956 933 ὀκλάσας,
1005 863 1249 933 ἐθρήνει.
1326 861 1355 916 ὁ
1404 862 1465 916 δὲ
1507 861 1788 931 Θεαγένης

86 949 277 1020 ὥσπερ
304 951 456 1012 τινὸς
480 949 622 1019 πρὸς
645 953 775 1018 βίαν
802 947 1055 1012 ὤσαντος
1082 949 1174 1003 ἐπὶ
1200 947 1263 1001 τὸ
1290 949 1448 1016 σῶμα
1475 947 1571 1016 τῆς
1598 951 1782 1016 κειμέ-

19 1064 59 1097 10
90 1055 191 1105 νης
217 1038 591 1104 κατενεχθείς,
632 1032 664 1087 ὃ
700 1035 803 1103 μὲν
844 1032 934 1087 ἐπὶ
974 1038 1239 1087 πλεῖστον
1278 1031 1444 1100 ἀπρὶξ
1484 1037 1659 1100 εἴχετο
1695 1034 1788 1084 καὶ

86 1119 509 1187 προσεπεφύκει
584 1119 943 1187 πανταχόθεν
1019 1117 1543 1186 ἐναγκαλιζόμενος·
1619 1113 1649 1171 ὁ
1725 1118 1786 1171 δὲ

86 1203 338 1273 Κνήμων
378 1202 513 1257 ὅλον
552 1201 687 1256 ὄντα
726 1202 866 1271 πρὸς
901 1206 978 1273 τῷ
1016 1203 1189 1255 πάθει
1225 1202 1573 1270 καταμαθών
1599 1202 1691 1255 καὶ
1717 1204 1786 1271 τῇ

87 1292 354 1358 συμφορᾷ
392 1289 861 1357 βεβαπτισμένον,
903 1286 1101 1349 δεδιώς
1139 1307 1197 1339 τε
1236 1287 1311 1355 μή
1349 1306 1402 1338 τι
1441 1285 1618 1339 κακὸν
1655 1285 1786 1339 ἑαυ-

86 1373 187 1427 τὸν
226 1373 546 1441 ἐργάσηται,
586 1370 648 1425 τὸ
684 1373 844 1440 ξίφος
870 1369 1110 1441 ὑφαιρεῖ
1132 1374 1321 1442 λάθρᾳ
1346 1373 1442 1439 τῆς
1466 1371 1648 1441 θήκης
1673 1367 1786 1423 ὑπὸ

18 1486 59 1519 15
88 1455 193 1526 τὴν
231 1456 485 1525 πλευρὰν
524 1457 931 1525 αἰωρουμένης,
972 1455 1065 1509 καὶ
1091 1459 1271 1524 μόνον
1300 1453 1625 1508 καταλιπων
1650 1453 1783 1508 ἀνέ-

89 1544 302 1611 δραμεν
342 1539 416 1605 ὠς
453 1541 549 1604 τὰς
588 1543 761 1611 δᾷδας
799 1540 1169 1609 ἀναψάμενος.

197 1624 303 1679 κάν
340 1628 520 1697 τούτῳ
546 1625 816 1695 τραγικόν
843 1647 894 1678 τι
921 1625 1014 1678 καὶ
1042 1623 1244 1693 γοερὸν
1273 1623 1301 1678 ὁ
1333 1626 1614 1694 Θεαγένης
1641 1627 1788 1694 βρυ-
1815 1630 1849 1679 4

90 1714 338 1780 χεόμενος
364 1709 413 1764 αἶ’
450 1710 671 1772 πάθους
709 1708 951 1777 ἀτλήτου
990 1713 1185 1778 φησίν,
1225 1705 1271 1760 ω’
1309 1714 1610 1778 συμφορᾶς
1646 1715 1790 1778 θεη-

91 1799 282 1850 λάτου.
347 1799 429 1858 τίς
456 1793 633 1856 οὕτως
669 1794 974 1863 ἀκόρεστος
1011 1794 1206 1862 ἐρινὺς
1232 1804 1347 1856 τοῖς
1372 1793 1662 1863 ἡμετέροις
1689 1814 1790 1847 κα-

18 1907 60 1940 20
91 1890 209 1944 κοῖς
248 1880 638 1949 ἐνεβάκχευσε,
679 1880 871 1948 φυγὴν
909 1885 1006 1947 της
1045 1879 1383 1950 ἐνεγκούσης
1420 1880 1789 1948 ἐπιβαλοῦσα,

90 1963 382 2027 κινδύνοις
429 1966 758 2031 θαλασσων,
812 1963 1104 2026 κινδύνοις
1150 1966 1530 2032 πειρατηρίων
1569 1961 1792 2032 ὑποβα-

89 2052 286 2117 λοῦσα,
322 2052 550 2118 λῃσταῖς
575 2049 909 2118 παραδοῦσα
938 2046 1233 2115 πολλάκις,
1270 2052 1385 2100 τῶν
1413 2046 1595 2101 ὄντων
1622 2046 1785 2100 ἀλλο-

88 2137 404 2203 τριωσασα;
464 2134 524 2186 ἓν
575 2133 754 2200 μόνον
809 2132 934 2186 ἀντὶ
990 2134 1220 2186 πάντων
1271 2132 1635 2186 ὑπελείπετο·
1702 2134 1791 2185 καὶ

89 2221 256 2271 τοῦτο
282 2216 651 2286 ἀνήρπασται.
705 2227 880 2270 κεῖται
908 2221 1234 2285 Χαρίκλεια,
1264 2217 1357 2271 καὶ
1383 2221 1652 2288 πολεμίας
1677 2238 1792 2286 χει-

23 2327 66 2360 25
98 2299 194 2372 ρός
233 2305 400 2370 ἔργον
437 2301 470 2371 ἡ
511 2301 748 2371 φιλτάτη
774 2306 1086 2371 γεγένηται,
1129 2305 1304 2371 δῆλον
1330 2303 1434 2370 μὲν
1461 2299 1535 2365 ὣς
1561 2318 1797 2373 σωφρο-ἥ

90 2385 625 2456 σύνης“ἀντεχομε’νη
653 2387 746 2439 καὶ
786 2386 908 2453 ἐμοὶ
945 2388 1124 2454 δῆθεν
1164 2386 1370 2455 ἑαυτὴν
1406 2387 1812 2456 φυλάττουσα,’

91 2480 267 2524 κεῖται
316 2469 368 2523 δ’
411 2465 517 2523 οὖν
556 2469 703 2540 ὅμως
740 2470 772 2540 ἡ
814 2472 1122 2539 δυστυχής,
1164 2469 1334 2524 οὐδὲν
1371 2472 1475 2540 μὲν
1513 2470 1653 2538 αὐτὴ
1696 2474 1794 2539 τῆς

91 2553 239 2623 ὥρας
276 2553 629 2625 ἀποναμένη,
671 2556 749 2618 εἰς
787 2554 959 2609 οὐδὲν
998 2555 1050 2608 δ’
1092 2555 1299 2623 ὄφελος
1339 2555 1459 2624 ἐμοὶ
1496 2554 1788 2625 γενομένη,

93 2637 216 2692 ἀλλ’
259 2632 303 2692 ὦ
351 2644 612 2708 γλυκεῖα,
661 2638 1054 2708 πρόσφθεγξαι
1092 2639 1158 2692 τὰ
1197 2644 1490 2693 τελευταῖα
1529 2639 1622 2692 καὶ
1661 2641 1792 2692 εἰω-

4 2748 66 2802 Α3ο
96 2724 264 2782 θότα·
308 2725 641 2793 ἐπίσκηψον,
683 2729 819 2776 εἴτι
858 2726 950 2775 καὶ
989 2721 1128 2776 κατὰ
1168 2726 1373 2793 μικρὸν
1402 2726 1644 2793 ἐμπνεῖς.
1710 2726 1796 2775 οἴ-

93 2827 219 2875 μοι,
269 2811 516 2877 σιωπᾷς,
570 2806 662 2860 καὶ
710 2807 771 2860 τὸ
820 2807 1091 2876 μαντικὸν
1144 2809 1326 2862 ἐκεῖνο
1374 2808 1465 2861 καὶ
1511 2804 1796 2874 θεηγόρον

99 2894 275 2962 στόμα
303 2891 430 2961 σιγὴ
462 2895 699 2960 κατέχει,
739 2894 832 2945 καὶ
859 2893 1026 2962 ζόφος
1051 2890 1154 2961 τὴν
1194 2893 1497 2962 πυρφόρον
1536 2891 1627 2942 καὶ
1665 2888 1797 2957 χάος
