1916 3132
764 150 1133 201 ΤΕΤΑΡΤΟΝ
1698 145 1725 196 1
1734 142 1800 197 19

101 298 268 364 φίλον
294 294 612 359 εἰσεποίεις,
639 289 922 358 Θεαγένης
943 288 1061 342 ἐστὶ
1087 287 1181 340 καὶ
1206 286 1265 338 oc
1285 283 1396 338 σύν
1423 282 1574 353 αὐτῷ
1602 287 1795 351 μείρα-

101 398 208 443 κες.
254 377 358 433 οὐκ
385 368 492 432 οὖν
521 373 711 444 εὕροις
736 373 809 427 ἄν
834 393 959 427 τινα
986 370 1204 426 τούτων
1230 368 1371 422 κατὰ
1400 366 1504 438 τήν
1531 366 1716 434 πόλιν,
1746 369 1803 420 οἳ

97 463 254 533 μέχρι
288 463 458 531 τῆσδε
491 463 587 529 τῆς
613 459 847 526 ἑσπέρας
874 447 1275 525 ἐπεχωρίαζον.”’
1329 452 1473 507 ὥστε
1503 447 1796 518 ἀνίστασο,

101 548 196 602 καὶ
235 550 310 610 εἰς
341 543 558 616 βουλὴν
592 542 750 597 κάλει
782 541 882 596 τὸν
918 543 1114 611 δῆμον.

0 643 5 667 ῑ
50 652 72 685 5
208 633 421 701 ἐγίνετο
446 631 656 699 ζταῦτα.
722 626 813 681 καὶ
850 628 909 680 οἳ
940 646 999 680 τε
1028 625 1328 695 στρατηγοὶ
1354 622 1675 691 σύγκλητον
1704 619 1802 674 ἐκ-

98 720 338 786 κλησίαν
363 713 699 783 ἐκήρυττον,
729 711 995 780 σάλπιγγι
1021 708 1085 763 τὸ
1111 710 1372 778 κήρυγμα
1399 705 1540 776 πρὸς
1564 703 1669 775 τὴν
1695 705 1803 759 πό-

98 804 191 855 λιν
217 801 706 869 ἐπισημαίνοντες,
745 798 837 850 καὶ
876 793 904 849 ὁ
942 796 1116 864 δῆμος
1142 791 1343 846 αὐτίκα
1370 795 1580 861 παρῆν,
1617 791 1709 844 καὶ
1737 788 1799 843 τὸ

96 886 342 954 θέατρον
370 885 585 952 ἐγίνετο
613 877 951 948 νυκτερινὸν
984 879 1415 948 βουλευτήριον.
1479 875 1510 930 ὅ
1534 896 1593 929 τε
1621 879 1794 948 Χαρι-

98 973 235 1073 κλῆς
283 971 360 1032 εἰς
409 968 615 1037 μέσους
660 965 966 1035 παρελθών
1016 961 1157 1032 πρὸς
1195 963 1446 1032 οἰμωγήν
1483 981 1542 1014 τε
1580 958 1799 1026 ἀθρόον

0 1075 71 1112 ιο
104 1050 279 1109 ἐκινει
304 1051 366 1106 τὸ
393 1056 614 1121 πλῆθος
629 1051 721 1104 καὶ
741 1049 920 1120 μόνον
941 1047 1171 1118 ὀφθείς,
1203 1044 1415 1117 ἐσθῆτά
1443 1066 1502 1099 τε
1529 1046 1800 1115 μέλαιναν

99 1135 482 1208 ἀμπεχόμενος
508 1136 600 1188 καὶ
627 1136 790 1188 κόνιν
816 1137 918 1188 τοῦ
943 1153 1003 1187 τε
1038 1132 1348 1202 προσώπου
1378 1133 1471 1185 καὶ
1497 1134 1593 1201 τῆς
1619 1149 1798 1199 κεφα-

100 1227 201 1294 λῆς
234 1220 669 1291 καταχεάμενος,
709 1217 800 1271 καὶ
837 1217 1027 1272 τοιάδε
1065 1220 1272 1286 ἔλεγεν.

207 1313 342 1370 ἴσως
378 1306 498 1375 μέν,
539 1295 581 1358 ὦ
620 1307 869 1372 Δελφοί,
909 1304 1320 1371 προσαγγεῖλαί
1349 1320 1416 1370 με
1442 1298 1799 1370 βουλόμενον

0 1424 9 1481 ⁷3
102 1391 350 1462 ἐμαυτὸν
387 1389 547 1460 ἥκειν
594 1390 672 1451 είς
715 1389 921 1457 μέσους
966 1386 1059 1440 καὶ
1098 1386 1310 1455 ταύτην
1350 1386 1799 1453 συγκεκληκέναι

16 1498 72 1532 ιε
100 1475 205 1547 τήν
233 1476 537 1545 ἐκκλησίαν
561 1470 819 1543 ἡγεῖσθε,
861 1470 1001 1541 πρὸς
1026 1470 1129 1540 τήν
1155 1467 1479 1540 υπερβολὴν
1505 1474 1619 1523 τῶν
1647 1468 1799 1538 ἐμῶν

0 1564 11 1638 ἰ’
104 1564 419 1660 συμφορῶν
446 1556 804 1628 ἀφορῶντες·
846 1560 956 1626 ἔχει
983 1557 1045 1610 δε
1072 1554 1175 1624 οὐχ
1202 1554 1393 1618 οὕτως.
1446 1555 1672 1622 πράττω
1699 1553 1805 1623 μὲν

102 1644 212 1715 γὰρ
238 1644 495 1698 θανάτου
524 1645 615 1695 καὶ
643 1642 914 1704 πολλάκις
940 1639 1106 1705 ἀξίως
1132 1639 1195 1692 τό
1219 1660 1282 1708 γε
1308 1644 1438 1709 νῦν,
1478 1641 1681 1708 ἔρημος
1707 1638 1801 1690 καὶ

0 1726 11 1798 {3
101 1729 378 1799 θεήλατος
403 1748 497 1781 και
522 1727 668 1796 μόνη
696 1724 896 1780 λοιπὸν
923 1727 1099 1792 οἰκία,
1128 1724 1358 1778 πάντων
1386 1722 1499 1792 ἅμα
1525 1743 1639 1776 των
1667 1726 1800 1792 φιλ-

0 1807 4 1882 ᾖ
102 1817 287 1868 τάτων
325 1812 678 1881 κεκενωμένη
717 1830 810 1880 μοι
849 1812 1201 1880 συνομίλων·
1253 1809 1400 1879 ὅμως
1437 1807 1492 1860 δ’
1532 1801 1638 1861 οὖν
1666 1829 1731 1901 ²²2.
1743 1827 1804 1861 τε

0 1897 266 1967 ··;ιοικοινὴ
294 1899 525 1951 πάντων
552 1894 734 1965 ἀπάτη
762 1896 854 1947 καὶ
875 1894 1125 1963 μάταιος
1135 1892 1292 1969 ἐλπις
1317 1896 1397 1947 ἔτι
1417 1912 1484 1962 με
1506 1901 1804 1963 καρτερεῖν

0 1989 4 1995 ’
91 1961 422 2051 κάναπείθει,
449 1979 554 2050 τήν
578 1978 804 2050 εὕρεσιν
828 1984 927 2048 τῆς
945 1977 1232 2047 θυγατρὸς
1259 1977 1633 2047 ἐνδεχομένην
1657 1974 1802 2030 ὑπο-

0 2126 3 2140 ‚
103 2067 396 2137 τιθεμένη,
425 2067 520 2119 καὶ
546 2068 629 2119 ἔτι
656 2065 829 2119 πλέον
853 2061 886 2133 ἡ
913 2066 1100 2131 πόλις,
1138 2062 1212 2132 ἢν
1241 2064 1386 2116 ἰδεῖν
1412 2063 1691 2131 πρότερον
1718 2081 1803 2115 τι-

0 2141 5 2252 ἰι
103 2155 324 2222 μωρίαν
364 2147 851 2218 εἰσπεπραγμένην
889 2147 1040 2217 παρὰ
1067 2151 1182 2202 τῶν
1211 2148 1635 2217 ἐξυβρισάντων
1661 2145 1805 2198 ἀνα-

104 2237 274 2306 μένω,
304 2237 355 2288 εἰ
375 2233 448 2304 μὴ
477 2233 586 2304 ἄρα
611 2234 704 2288 καὶ
730 2230 890 2301 ὑμῶν
915 2231 978 2286 τὸ
1006 2235 1271 2302 φρόνημα
1293 2231 1355 2286 τὸ
1379 2230 1686 2301 ἐλεύθερον
1711 2232 1805 2284 καὶ

21 2341 76 2374 τειῡ
105 2320 208 2391 τὴν
234 2317 376 2390 ὑπὲρ
403 2323 499 2389 τῆς
528 2318 867 2387 ἐνεγκούσης
901 2318 992 2371 καὶ
1022 2319 1176 2371 θεῶν
1211 2321 1326 2369 τῶν
1361 2316 1638 2388 πατρῴων
1666 2315 1804 2384 ἀγα-

105 2406 380 2474 νάκτησιν
416 2402 482 2456 τά
512 2403 759 2456 Θετταλοὶ
798 2401 1058 2471 μειράκια
1097 2402 1549 2472 προσαφῄρηται.
1608 2398 1670 2453 τὸ
1697 2397 1804 2469 γάρ

105 2490 174 2559 δὴ
204 2490 433 2543 πάντων
459 2486 798 2556 βαρύτατον,
839 2484 922 2539 ὅτι
958 2487 1221 2555 χορευταὶ
1258 2488 1453 2549 παῖδες
1489 2484 1799 2555 εὐαρίθμη-

28 2622 31 2624 .
104 2593 192 2628 τοι
218 2574 307 2627 καὶ
337 2575 583 2642 θεωρίας
617 2571 1095 2670 ὑπηρέταιχπόλιν
1132 2575 1382 2639 οἴχονται
1419 2590 1532 2623 των
1551 2568 1804 2638 Ἑλληνί-

107 2659 226 2712 δων
263 2655 365 2726 τὴν
404 2655 632 2726 πρώτην
650 2641 1177 2758 πατήσαντεςῇ-καὶ
1211 2657 1312 2708 τὸν
1349 2674 1498 2708 νεων
1533 2658 1635 2707 τοῦ
1677 2658 1803 2706 Πυ-

16 2759 80 2796 ιεο
107 2745 245 2796 θίου
282 2744 385 2795 τοῦ
412 2743 749 2810 τιμιωτάτου
788 2740 1063 2809 κτήματος
1097 2737 1584 2808 ἀποσυλήσαντες,
1626 2742 1803 2804 Χαρι-

22 2850 25 2851 ’
109 2828 323 2892 κλείας,
353 2830 529 2893 οἴμοι,
569 2845 684 2878 των
713 2827 864 2892 ἐμῶν
890 2822 1223 2892 ὀφθαλμων.
1283 2843 1326 2875 ω
1354 2828 1454 2891 τῆς
1478 2822 1804 2890 ἀμειλίκτου

108 2907 242 2963 καθ’
269 2908 431 2979 ἡμῶν
466 2913 568 2963 τοῦ
599 2910 864 2977 δαίμονος
900 2911 1267 2977 φιλονεικίας.
1326 2906 1431 2976 τήν
1457 2905 1686 2974 πρωτην
1711 2922 1807 2972 μοι

0 1183 7 1251 3
