1916 3132
110 80 178 132 12
809 85 1106 134 ΠΡΩΤΟΝ

206 211 277 289 ἦν
301 239 395 290 μοι
428 219 608 289 πατὴρ
642 219 1023 291 Ἀρίστιππος,
1063 221 1124 275 τό
1150 223 1253 292 μὲν
1289 223 1451 290 γένος
1482 219 1803 292 Ἀθηναῖο-ξς

102 305 315 373 βουλῆς
343 305 404 358 δὲ
430 309 527 375 τῆς
554 305 692 374 ἄνω,
720 308 824 375 τὴν
851 309 1186 374 περιουσίαν
1217 309 1331 360 τῶν
1357 309 1560 374 μέσων.
1613 297 1796 376 οὗτος,

106 387 300 457 ἐπειδή
324 409 417 458 μοι
456 389 558 459 τήν
583 391 790 458 μητέρα
815 393 1142 460 τελευτῆσαι
1169 393 1398 460 συνέβη,
1438 391 1578 457 πρὸς
1603 390 1795 444 δευτέ-

104 492 239 541 ρους
264 471 594 527 άπεκλίνετο
620 473 852 543 γάμους,
893 474 983 527 ἐπὶ
1020 475 1174 546 μόνω
1210 495 1304 544 μοι
1342 477 1499 528 παιδὶ
1536 474 1798 529 σαλεύειν

105 556 571 626 ἐπιμεμφόμενος,
586 559 678 611 καὶ
693 568 808 621 τοῖς
819 564 994 621 οἴκοις
1013 560 1295 628 ἐπεισάγει
1313 561 1551 628 γύναιον
1571 558 1796 612 ἀστεῖον
1826 578 1846 610 5

101 641 205 708 μὲν
245 639 371 694 ἀλλ’
414 640 745 711 ἀρχέκακον,
788 642 965 711 ὄνομα
1003 645 1378 716 Δημαινέτην.
1445 641 1518 706 ὥς
1553 644 1661 712 γάρ
1699 642 1796 696 τά-

100 739 260 793 χιστα
289 727 571 794 εἰσῆλθεν,
610 724 745 779 ὅλον
779 716 1104 780 ὑπεποιεῖτο
1137 728 1229 779 καὶ
1256 727 1522 796 πράττειν
1549 727 1632 780 ὅτι
1657 726 1796 796 βού-

101 811 253 862 λοιτο
292 812 501 877 ἔπειθε,
541 814 609 881 τῇ
645 831 704 864 τε
742 809 862 883 ω’ρᾳ
888 813 988 867 τὸν
1014 812 1337 881 πρεσβύτην
1365 813 1677 882 ἐπαγομένη
1703 811 1818 864 καὶι,

99 887 276 946 τᾶλλα
324 892 898 965 ὑπερθεραπεύουσα,
949 895 1103 966 δεινή
1147 897 1235 964 δέ,
1288 901 1441 966 εἴπερ
1479 916 1561 959 τις
1589 915 1797 964 ’γυναι-

99 982 238 1046 κῶν,
281 977 374 1046 ἐφ’
415 979 623 1048 ἑαυτήν
663 981 927 1049 ἐκμῆναι,
978 982 1072 1033 καὶ
1120 980 1320 1049 τέχνην
1356 980 1459 1050 τὴν
1500 979 1793 1048 ἐπαγωγὸν
1823 1000 1866 1034 ιοΔ

102 1062 351 1126 ἐκτόπως
387 1061 762 1133 ἠκριβωμένη,
805 1064 1070 1133 προόδοις
1103 1085 1162 1118 τε
1196 1063 1408 1134 τούμοῦ
1433 1063 1641 1132 πατρὸς
1676 1067 1797 1117 ἐπι-

100 1149 375 1200 στένουσα
422 1147 513 1200 καὶ
553 1150 793 1211 εἰσόδοις
831 1150 1279 1217 προστρέχουσα,
1320 1151 1412 1202 καὶ
1450 1149 1797 1217 βραδύνοντι

98 1234 445 1300 μεμφομένη,
484 1231 576 1284 καὶ
604 1230 676 1294 (ὃς
702 1230 941 1285 ἀπώλετ’
969 1232 1042 1285 ἄν
1072 1235 1122 1286 εἰ
1147 1231 1339 1301 ὀλίγον
1377 1235 1662 1302 ἐμέλλησε,
1703 1230 1797 1285 καὶ

99 1316 523 1384 περιβάλλουσα
565 1314 660 1385 ἐφ’
703 1316 915 1388 ἑκάστῳ
965 1316 1190 1386 ῥήματι,
1242 1318 1334 1370 καὶ
1375 1316 1796 1385 ἐπιδακρύουσα

99 1409 213 1463 τοῖς
251 1400 577 1469 φιλήμασιν.
630 1394 712 1464 οἷς
738 1401 947 1454 ἅπασιν
986 1399 1013 1454 ὁ
1052 1401 1233 1470 πατήρ
1271 1421 1382 1470 μου
1420 1404 1791 1470 σαγηνευθεὶς
1811 1421 1851 1455 15

101 1481 239 1553 ὅλην
289 1483 513 1553 ἐκείνην
562 1486 653 1537 καὶ
701 1489 857 1539 ἔπνει
906 1486 998 1538 καὶ
1047 1489 1298 1554 ἔβλεπεν.
1373 1482 1409 1554 ἢ
1446 1485 1507 1538 δὲ
1546 1483 1686 1554 κάμε
1723 1483 1792 1540 τὰ

98 1572 292 1636 πρῶτα
332 1573 424 1621 ἴσα
462 1569 555 1622 καὶ
594 1571 766 1622 παῖδα
807 1567 947 1637 ὁρᾶν
987 1569 1306 1638 ἐπλάττετο,
1347 1567 1454 1622 κάν
1490 1570 1670 1640 τούτῳ
1693 1567 1794 1622 τὸν

94 1652 453 1721 Ἀρίστιππον
489 1651 939 1722 ὑποποιουμένη,
980 1656 1082 1706 καί
1111 1672 1245 1706 ποτε
1281 1652 1373 1705 καὶ
1413 1655 1684 1722 ἐφίλησεν
1721 1651 1793 1707 ἂν

98 1736 515 1804 προσελθοῦσα,
553 1737 645 1788 καὶ
672 1735 920 1789 ὄνασθαί
943 1758 1052 1806 μου
1081 1741 1326 1802 συνεχῶς
1349 1735 1576 1805 ηὔξατο.
1638 1736 1790 1807 κάγώ

98 1821 426 1889 προσιέμην,
476 1825 590 1873 τῶν
627 1820 731 1889 μὲν
771 1819 953 1873 ὄντων
991 1819 1159 1873 οὐδὲν
1199 1819 1551 1890 ὑποπτεύων,
1604 1819 1688 1874 ὅτι
1725 1821 1848 1878 δὲῖο

96 1904 361 1975 μητρῴαν
413 1906 793 1957 ἐπιδείκνυται
841 1903 969 1971 περὶ
1018 1904 1112 1972 ἐμὲ
1161 1905 1463 1972 θαυμάζων
1512 1906 1790 1963 διάθεσιν.

99 1990 219 2042 ἐπεὶ
259 1990 318 2041 δὲ
358 1988 700 2056 ἰταμώτερον
739 1991 994 2059 προσῄει,
1036 1987 1129 2040 καὶ
1159 1991 1477 2057 θερμότερα
1502 1979 1575 2057 ἧν
1600 1988 1666 2042 τὰ
1694 2010 1788 2059 φι-

99 2073 316 2142 λήματα
354 2076 456 2125 τοῦ
494 2073 831 2142 πρέποντος,
873 2074 966 2125 καὶ
1004 2072 1065 2126 τὸ
1103 2074 1318 2141 βλέμμα
1355 2076 1455 2126 τοῦ
1495 2073 1792 2141 σώφρονος

102 2155 461 2225 ἐξιστάμενον
507 2155 647 2225 πρὸς
689 2154 964 2210 ὑπόνοιαν
1010 2148 1148 2225 ἦγεν
1185 2156 1320 2225 ἤδη,
1371 2158 1438 2210 τὰ
1476 2155 1657 2210 πολλοὶ
1695 2156 1790 2210 καὶ

93 2237 424 2307 ὑπέφευγον
463 2240 555 2293 καὶ
594 2241 1007 2310 πλησιάζουσαν
1046 2239 1411 2310 άπωθούμην.
1472 2240 1657 2294 καὶτὰ
1681 2242 1785 2309 μὲν
1813 2266 1855 2297 25

96 2322 241 2377 ἄλλα
267 2326 324 2376 τί
345 2325 434 2376 δεῖ
456 2323 782 2393 μηκύνοντα
809 2326 1082 2392 ἐνοχλεῖν;
1122 2323 1219 2387 τάς
1245 2328 1440 2394 πείρας
1465 2323 1528 2387 ἂς
1551 2328 1786 2392 καθῆκε,

95 2405 193 2471 τὰς
229 2405 558 2475 ὑποσχέσεις
596 2406 661 2470 ἃς
700 2408 1091 2478 ἐπηγγείλατο,
1132 2410 1238 2462 νῦν
1274 2410 1378 2476 μὲν
1415 2410 1641 2462 παιδίον
1679 2413 1790 2461 νῦν

97 2493 158 2544 δὲ
196 2491 550 2559 γλυκύτατον
589 2490 963 2561 ὀνομάζουσα,
1004 2494 1096 2545 καὶ
1123 2484 1290 2555 αὖθις
1315 2493 1667 2561 κληρονόμον
1693 2490 1788 2545 καὶ

95 2574 213 2644 μετ’
247 2571 439 2643 ὀλίγον
477 2577 665 2644 ψυχὴν
704 2577 904 2645 ἑαυτῆς
942 2574 1322 2643 άποκαλοῦσα,
1363 2576 1456 2629 καὶ
1494 2574 1684 2638 ἁπλῶς
1716 2572 1784 2628 τοὶ

97 2661 241 2712 καλὰ
280 2663 394 2712 τῶν
434 2657 725 2728 ὀνομάτων
761 2670 875 2722 τοῖς
903 2660 1212 2729 ἐπαγωγοῖς
1236 2663 1650 2730 παραμιγνῦσα,
1690 2658 1783 2712 καὶ
1811 2685 1852 2718 30

97 2737 180 2806 οἷς
215 2745 325 2796 τισὶ
362 2746 577 2813 μᾶλλον
614 2746 934 2818 προστρέχω
973 2747 1421 2812 περισκοποῦσα,
1472 2741 1544 2805 ὥς
1583 2743 1645 2796 ἐν
1682 2745 1787 2812 μὲν

96 2838 211 2890 τοῖς
249 2829 603 2896 σεμνοτέροις
639 2828 846 2898 μητέρα
885 2827 1091 2897 ἑαυτήν
1129 2828 1580 2896 άναπλάττουσα,
1623 2828 1686 2881 ἐν
1723 2828 1787 2883 δὲ
