1916 3132
0 16 82 93 '71³1
101 48 127 65 ι’.
142 26 195 66 ἠν
216 0 393 87 44„va
421 0 479 52 ΙΙ
505 3 843 76 sfh‘⁷“‘4””’,}''‘⁴'⁹'3
882 18 926 30 β
1904 0 1916 50 '¹²

163 122 271 177 230
877 130 1164 179 ΟΓΔΟΟΝ

166 264 272 333 μὲν
295 261 329 334 ἦ
351 263 592 336 Ἀρνσάκη
619 266 712 319 καὶ
738 264 842 335 τήν
868 243 1648 339 φαρμακείανχκατήγγελλεν,
1677 269 1861 325 ἅπαν-

167 368 236 402 τα
263 345 338 412 ὠς
374 346 521 417 εἶχεν
556 350 1005 421 ἀπαγγέλλουσα,
1046 353 1139 406 καὶ
1174 354 1403 422 συνεχὲς
1441 353 1862 425 ἐπιδακρύουσα

166 433 272 502 τὴν
307 436 691 503 θρεψαμένην,
742 437 835 488 καὶ
882 433 954 500 ὠς
990 435 1094 506 τὴν
1132 438 1362 491 πάντων
1398 441 1729 508 τιμιωτέραν
1767 438 1863 494 καὶ

171 515 553 588 εὐνουστέραν
591 516 901 589 ἀπολέσειε,
940 522 1229 591 μάρτυρας
1265 522 1398 586 τούς
1436 522 1702 587 δικαστάς
1739 525 1864 578 ἐπι-

169 603 489 672 καλουμένη
517 591 781 694 ὠςῖξένην
807 602 1191 676 ὑποδεξαμένη
1221 606 1314 660 καὶ
1341 609 1520 678 πάσης
1544 609 1862 676 μεταδοῦσα
1890 626 1914 660 ⁶

170 664 868 758 φιλοφροσύνηςβτοιαῦτα
895 689 1213 745 ἀντιπάθοι.
1277 693 1369 746 καὶ
1397 692 1539 756 ὅλως
1578 691 1616 762 ἢ
1650 693 1755 761 μὲν
1790 712 1864 761 ην

169 772 478 841 πικροτάτη
501 771 827 843 κατήγορος,
856 774 1182 844 ἀπελογεῖτο
1205 777 1265 830 δὲ
1285 774 1507 831 οὐδέν’
1478 798 1510 846 η
1534 779 1861 845 Χαρίκλεια,

169 853 296 908 ἀλλ’
326 854 598 925 ὡμολόγει
625 857 718 910 καὶ
745 850 912 922 αὐθις
937 857 999 912 τὸ
1028 862 1302 930 ἔγκλημα,
1341 862 1443 913 καὶ
1470 859 1533 914 τὸ
1561 862 1864 930 φάρμακον

171 937 245 1003 ὥς
269 941 394 1009 δοίη
423 945 876 1011 συγκατετίθετο,
915 950 1285 1014 προστιθεῖσα
1321 943 1395 1008 ὥς
1421 946 1513 998 καὶ
1538 945 1643 1014 τὴν
1663 942 1864 1014 Ἀρσά-
1906 999 1914 1005 ,

170 1044 279 1094 κην
305 1026 635 1094 διεχρήσατο
664 1022 734 1079 ἂν
758 1025 952 1096 ἡδέως,
994 1030 1045 1082 εἰ
1085 1030 1158 1098 μὴ
1187 1033 1546 1098 προείληπτο,
1585 1029 1678 1082 καὶ
1703 1029 1864 1098 ἕτερα
1894 1047 1916 1081 ιι

170 1108 311 1178 πρὸς
335 1111 572 1179 τούτοις,
611 1109 715 1179 τήν
737 1111 1014 1182 Ἀρσάκην
1052 1114 1115 1167 ἐκ
1150 1118 1252 1167 τοῦ
1279 1112 1476 1176 εὐθέος
1501 1113 1865 1183 λοιδορουμέ-

170 1215 260 1264 νη,
289 1195 382 1248 καὶ
408 1198 687 1258 παντοίως
707 1195 837 1258 τούς
865 1198 1131 1260 δικαστὰς
1158 1200 1236 1261 εἰς
1259 1197 1366 1267 τὴν
1390 1202 1667 1268 τιμωρίαν
1695 1198 1865 1252 ἐκκα-

172 1282 433 1348 λουμένη.
494 1278 561 1331 τὰ
597 1279 704 1348 γάρ
733 1280 867 1334 καθ’
897 1280 1102 1352 ἑαυτὴν
1128 1281 1347 1336 ἅπαντα
1373 1289 1448 1353 τῷ
1475 1283 1741 1351 Θεαγένει
1768 1285 1867 1350 τῆς

169 1362 376 1426 νυκτὸς
401 1362 542 1417 κατὰ
567 1361 628 1417 τὸ
671 1366 1054 1435 δεσμωτήριον
1081 1366 1419 1437 ἀναθεμένη,
1458 1365 1525 1419 τά
1554 1366 1690 1436 παρ’
1718 1367 1865 1420 ἐκεί-

171 1467 278 1501 νου
303 1468 363 1501 τε
392 1449 455 1501 ἐν
480 1451 635 1516 μέρει
660 1453 975 1521 πυθομένη,
1006 1453 1326 1522 συνθεμένη
1363 1471 1422 1504 τε
1450 1450 1542 1518 ὦς,
1584 1453 1634 1503 εἰ
1657 1450 1864 1519 δεήσει,
1896 1469 1912 1502 1

171 1534 359 1584 πάντα
395 1533 650 1586 θάνατον
690 1534 1040 1605 ἐπαγόμενον
1077 1535 1425 1605 αὐθαιρέτως
1473 1537 1732 1605 δέχεσθαι
1772 1533 1867 1587 καὶ

171 1615 531 1686 ἀπηλλάχθαι
568 1618 768 1673 λοιπον
816 1624 956 1689 ζωῆς
1002 1620 1236 1674 ἀνιάτου
1275 1619 1368 1674 καὶ
1406 1619 1543 1690 ἄλης
1581 1618 1867 1689 ἀνηνύτου

173 1702 268 1755 καὶ
292 1701 459 1770 τύχης
498 1700 806 1772 ἀσπόνδου,
847 1704 913 1757 τά
939 1709 1231 1777 τελευταῖα
1258 1705 1339 1773 δέ,
1367 1725 1440 1767 ως
1467 1705 1667 1772 ἐδόκει,
1677 1696 1868 1808 naqa-

174 1772 684 1861 σπασαμένηῗτούς
708 1807 767 1840 τε
794 1790 1238 1852 συνεκτεθέντας
1273 1776 1495 1858 ὅρμους
1519 1787 1606 1843 ἀεὶ
1632 1787 1737 1856 μεν
1774 1787 1868 1840 καὶ

173 1870 505 1940 ἀπορρήτως
525 1869 895 1939 ἐπιφέρεσθαι
916 1873 1329 1943 προνοουμένη,
1351 1843 1475 1927 τότε
1494 1875 1555 1926 δε
1576 1893 1674 1941 της
1687 1873 1868 1940 έσθη-
1895 1891 1916 1925 2

173 1974 265 2017 τος
293 1953 452 2017 ἐντὸς
479 1954 571 2007 καὶ
609 1953 720 2009 ὑπὸ
757 1956 1002 2024 γαστέρα
1040 1957 1325 2028 ζωσαμένη
1357 1959 1450 2010 καὶ
1477 1951 1598 2010 οἷον
1625 1955 1868 2023 ἐντάφιά

174 2059 301 2092 τινα
329 2040 727 2109 ἐπιφερομένη,
759 2043 873 2093 πᾶν
899 2043 1147 2110 ἔγκλημά
1173 2061 1232 2095 τε
1257 2043 1351 2095 καὶ
1376 2042 1633 2094 θάνατον
1660 2039 1869 2106 ἐπαγό-

174 2125 350 2193 μενόν
374 2143 434 2176 τε
460 2122 736 2193 (ὁμολόγει
763 2126 856 2177 καὶ
881 2123 953 2195 μη“
988 2125 1338 2194 ἐπαγόμενον
1370 2124 1727 2180 ἀνέπλαττεν.
1770 2122 1863 2191 ἐφ’

175 2211 259 2269 οἱς
284 2228 339 2260 οι
364 2209 680 2274 δικάζοντες
706 2207 840 2263 οὐδὲ
866 2208 1242 2279 μελλήσαντες
1265 2214 1471 2279 μικροῦ
1497 2210 1601 2279 μὲν
1628 2206 1867 2278 ἐδέησαν

0 2280 129 2361 3⁸23st
172 2288 441 2362 ωμοτέρᾳ
455 2311 514 2345 τε
541 2293 633 2344 καὶ
660 2297 918 2362 Περσικη
938 2297 1179 2381 τιμωρία
1203 2293 1531 2363 ὑποβαλεῖν,
1571 2299 1704 2355 ἴσως
1729 2292 1791 2347 δέ
1814 2311 1868 2346 τι
1893 2310 1916 2347 2

178 2374 316 2445 πρὸς
340 2375 443 2445 τὴν
471 2374 603 2513 ὅτςιν
629 2379 722 2429 καὶ
749 2376 811 2430 τὸ
837 2363 968 2432 νέον
995 2398 1054 2431 τε
1089 2380 1182 2431 καὶ
1218 2375 1434 2447 ἀμαχον
1459 2381 1555 2447 τῆς
1581 2375 1730 2446 ω’ρας
1755 2396 1868 2430 πα-
1914 2407 1916 2409 -

176 2463 379 2523 θόντες
415 2479 529 2527 πυρ
591 2465 1065 2531 καταναλωθῆναι
1102 2463 1456 2530 κατέκριναν.
1490 2521 1496 2532 Ι

283 2544 536 2615 ἥρπαστο
575 2546 679 2597 οὐν
717 2544 917 2599 αὐτίκα
955 2544 1094 2615 πρὸς
1130 2567 1244 2599 των
1273 2524 1514 2652 δημίωνζ
1546 2547 1638 2598 καὶ
1664 2543 1868 2615 μικρὸν

178 2632 280 2682 τοῦ
315 2633 531 2697 τείχους
570 2625 727 2692 ε’κτὸς
761 2629 948 2698 ἤγετο,
996 2631 1267 2699 κήρυκος,
1308 2629 1410 2682 ὅτι
1409 2630 1518 2683 ε’πι
1552 2631 1870 2732 φαρμάκοις

179 2716 255 2775 είς
281 2710 470 2781 πυράν
491 2711 702 2781 ἄγοιτο,
731 2714 961 2782 συνεχὲς
953 2702 1313 2808 έὶκβοωντος,
1341 2717 1557 2767 πολλοῦ
1574 2713 1668 2766 καὶ
1687 2711 1866 2766 αλλου
1893 2727 1916 2776 ⁸.

178 2799 436 2899 πλήθους
463 2797 525 2850 ἐκ
551 2801 647 2865 τῆς
672 2797 888 2869 πόλεως
926 2795 1515 2899 ἐπακολουθήσαντος
1554 2799 1612 2850 οἳ
1631 2816 1735 2864 μεν
1758 2795 1916 2864 γὰρ

151 2902 582 3008 αυτοπβταὲί
491 2882 823 2989 γεγόνεισαν
854 2881 1153 2988 αγομένης,
1201 2884 1263 2935 οἳ
1293 2881 1386 2934 δὲ
1376 2882 1532 2950 πρὸς
1567 2884 1662 2949 τῆς
1698 2877 1914 2950 ἀκοῆς
