1916 3132
133 107 204 159 22
834 111 1135 160 ΠΡΩΤΟΝ

134 246 307 318 μικροὶ
346 251 683 316 φροντίσας,
733 246 769 317 ἢ
816 248 908 300 καὶ
957 249 1371 316 μεταβαλέσθαι
1421 247 1830 317 προσδοκήσας,

137 331 228 385 ἐπὶ
265 332 366 386 τὸν
403 336 667 402 θάλαμον
708 331 957 401 ἐμμανὴς
993 333 1153 386 ἵεται.
1217 331 1310 386 καὶ
1346 331 1414 386 τά
1452 331 1619 387 λοιποὶ
1656 335 1832 402 γινώ-

136 431 303 479 σκεις.
362 419 440 470 ,τὸ
489 418 551 471 δὲ
599 415 783 484 παρὸν
831 419 1017 470 ἔνεστί
1062 432 1152 470 σοι
1188 417 1517 489 βουλομένῳ
1555 419 1694 487 πρὸς
1730 416 1830 471 τὸν

133 502 330 570 παῖδα,
370 502 462 553 καὶ
490 503 541 554 εί
564 501 763 570 φεύγει
788 501 855 554 τά
882 505 1008 569 νῦν,
1046 501 1532 572 ἀπολογήσασθαι,
1559 500 1652 555 καὶ
1678 500 1830 569 παρά

133 587 228 654 τῆς
254 584 612 655 ἀμφοτέρους
637 583 785 652 ὑμᾶς
810 583 1115 656 ἀδικούσης
1139 589 1411 656 τιμωρίαν
1437 589 1657 656 λαβεῖν·
1707 587 1830 639 ἐπι-
1860 605 1881 637 5

133 670 296 733 δείξω
328 673 438 740 γάρ
478 685 566 723 σοι
604 671 849 738 τήμερον
885 668 995 738 ἅμα
1021 674 1097 741 τῷ
1121 676 1294 742 μοιχῷ
1321 671 1423 740 τὴν
1450 671 1827 741 Δημαινέτην,

134 752 198 806 ἐν
225 756 375 825 οἰκία
412 754 504 807 καὶ
543 758 720 807 ταῦτα
762 750 1043 825 ἀλλοτρία,
1086 754 1241 819 ἐκτὸς
1274 760 1376 809 τοῦ
1403 755 1618 824 ἄστεος,
1659 776 1828 809 κατα-

132 839 484 908 κεκλιμένην.
552 841 602 892 εἰ
624 838 733 907 γάρ
772 842 945 891 ταῦτα
983 838 1162 903 οὕτως
1200 841 1543 907 ἐπιδείξειας,
1583 839 1758 910 φησὶν
1797 837 1826 892 ὁ

130 920 514 991 Ἀρίστιππος,
565 922 653 976 σοὶ
700 924 804 991 μὲν
856 924 1156 992 ἐλευθερία
1203 923 1405 992 μισθὸς
1454 924 1826 992 ἀποκείσεται,

133 1006 241 1074 ἐγω
290 1008 351 1061 δε
395 1007 517 1077 τάχ’
558 1028 629 1060 αν
677 1007 949 1092 ἐπιβιςόην
999 1008 1103 1077 τήν
1139 1013 1411 1077 πολεμίαν
1449 1007 1824 1079 ἀμυνάμενος,
1858 1027 1898 1062 10

131 1110 205 1153 ως
242 1092 416 1144 πάλαι
450 1113 513 1160 γε
553 1092 841 1172 σμύχομαι
873 1093 937 1145 ἐν
977 1095 1216 1164 ἐμαυτῷ,
1257 1093 1350 1146 καὶ
1387 1097 1448 1148 τὸ
1488 1098 1715 1164 πρᾶγμα
1753 1091 1827 1147 δι’

130 1171 375 1239 ὑποψίας
402 1182 553 1245 έχων
569 1175 777 1247 ἀπορία
813 1181 927 1229 τῶν
966 1179 1209 1247 ἐλέγχων
1241 1177 1532 1248 ἡσύχαζον.
1595 1177 1737 1232 ἀλλά
1774 1181 1830 1233 τί

131 1261 220 1311 δει
253 1270 465 1325 ποιειν;
516 1247 553 1329 ὴ
593 1260 681 1328 δέ,
733 1259 831 1314 τὸν
871 1265 1053 1330 κῆπον
1093 1259 1280 1332 οἶσθα,
1331 1266 1543 1332 ἔλεγεν,
1584 1266 1726 1317 ἔνθα
1762 1264 1825 1318 τὸ

129 1348 320 1413 μνῆμα
357 1366 473 1398 των
505 1344 930 1414 Ἐπικουρείων;
975 1347 1227 1401 ἐνταῦθα
1265 1349 1343 1411 είς
1369 1348 1611 1416 ἑσπέραν
1639 1346 1827 1402 ἐλθων

132 1432 416 1498 περίμενε.
1177 1428 1179 1430 ’
1857 1449 1898 1483 ¹5

50 1516 111 1568 17
239 1515 331 1566 καὶ
370 1513 480 1583 ἅμα
521 1517 757 1568 εἰποῦσα
796 1515 1078 1586 ἀπέτρεχε,
1120 1516 1213 1571 καὶ
1248 1515 1387 1585 πρὸς
1413 1520 1516 1588 τὴν
1542 1517 1825 1587 Δημαινέ-

131 1618 235 1666 την
275 1599 554 1666 ἐλθοῦσα,
598 1596 820 1667 κόσμει,
862 1603 988 1669 ἔφη,
1030 1603 1272 1672 σαυτήν·
1311 1601 1627 1671 ἀβροτέρως
1665 1604 1827 1670 ἔχου-

131 1697 240 1735 σαν
273 1681 433 1750 ἥκειν
459 1684 754 1751 προσήκει·
795 1685 977 1737 πάντα
1004 1702 1092 1738 σοι
1118 1686 1185 1738 τὰ
1214 1686 1599 1755 ἐπηγγελμένα
1624 1684 1825 1756 ηὐτρέ-

129 1781 335 1819 πισται.
393 1764 432 1835 ἢ
474 1767 535 1819 δὲ
575 1767 877 1834 περιέβαλέ
909 1787 967 1821 τε
994 1771 1086 1821 καὶ
1114 1772 1384 1837 ἔπραττεν
1410 1769 1483 1832 ὥς
1510 1770 1822 1824 ἐκέλευσεν.

128 1848 237 1919 ἤδη
285 1851 347 1904 δὲ
397 1850 633 1919 ἑσπέρας
681 1850 853 1920 οὔσης
901 1852 1264 1921 ἀναλαβοῦσα
1302 1848 1439 1922 ἦγεν
1478 1852 1553 1916 ὥς
1589 1855 1819 1907 συνετέ-
1852 1870 1893 1904 20

130 1955 312 1991 τακτο.
369 1935 489 1989 ἐπεὶ
517 1936 577 1988 δὲ
613 1936 964 2005 ἐπλησίαζον,
1003 1936 1106 2006 τὴν
1144 1939 1249 2005 μὲν
1288 1939 1581 2007 ἐπιστῆναι
1618 1937 1822 2008 μικρὸν

132 2019 410 2088 ἐκέλευεν,
459 2018 596 2088 αὕτη
638 2020 699 2073 δὲ
737 2024 1107 2089 προλαβοῦσα
1144 2023 1450 2091 παρεκάλει
1489 2022 1596 2092 τήν
1638 2021 1847 2090 'Apoc-

128 2104 270 2172 νόην
309 2105 386 2167 εἰς
419 2104 613 2171 ἕτερον
648 2110 985 2174 μεταστῆναι
1014 2106 1297 2175 δωμάτιον
1324 2106 1416 2160 καὶ
1445 2106 1650 2177 σχολὴν
1677 2105 1823 2178 αὐτῇ

129 2197 461 2256 παρασχεῖν·
506 2187 785 2255 ἐρυθριᾶν
822 2189 929 2256 γὰρ
969 2192 1074 2259 ἔφη
1113 2192 1176 2243 τὸ
1202 2191 1513 2260 μειράκιον,
1553 2191 1682 2260 ἄρτι
1706 2195 1820 2245 τῶν

123 2269 456 2340 Ἀφροδίτης
481 2272 817 2340 μυούμενον.
857 2278 955 2341 τῆς
981 2277 1041 2327 δὲ
1069 2279 1392 2346 πεισθείσης
1420 2279 1815 2330 ἐπανελθοῦσα
1845 2291 1901 2323 25v

129 2358 558 2425 παραλαμβάνει
583 2356 690 2426 τὴν
715 2361 1096 2428 Δημαινέτην,
1128 2360 1221 2412 καὶ
1247 2362 1621 2428 εἰσαγαγοῦσα
1647 2379 1819 2413 κατα-

130 2445 309 2496 κλίνει
335 2461 394 2495 τε
421 2442 514 2493 καὶ
540 2439 640 2495 τὸν
666 2443 875 2509 λύχνον
902 2441 1150 2545 ἀφαιρεῖ,
1186 2447 1287 2496 τοῦ
1321 2443 1392 2512 μή
1431 2444 1819 2511 γνωρισθῆναι

127 2523 308 2594 αὐτὴν
346 2525 497 2593 παρὰ
539 2530 644 2579 σοῦ
685 2528 863 2595 δῆθεν
901 2527 1000 2579 τοῦ
1039 2528 1102 2579 ἐν
1127 2529 1332 2598 Αἰγίνῃ
1361 2528 1666 2596 διάγοντος.
1725 2527 1818 2580 καὶ

63 2614 433 2679 σ-ιωῌπηῳσαν
458 2613 714 2678 πληροῦν
741 2609 841 2679 τὴν
871 2612 1181 2679 ἐπιθυμίαν
1215 2612 1670 2680 παρεγγυήσασα,
1708 2609 1816 2678 ἐγω

126 2694 191 2746 δε
218 2693 310 2746 ἐπὶ
335 2693 436 2748 τὸν
459 2699 692 2747 νεανιάν
720 2694 929 2763 ἄπειμι,
970 2698 1125 2764 φησί,
1164 2697 1258 2748 και
1283 2695 1393 2764 ἥξω
1421 2711 1510 2749 σοι
1537 2697 1814 2764 φέρουσα·
1845 2709 1887 2744 30

128 2780 278 2830 πίνει
315 2779 376 2831 δὲ
418 2780 669 2831 ἐνταῦθα
710 2780 774 2832 ἐκ
809 2780 1097 2846 γειτόνων.
1162 2780 1254 2832 καὶ
1287 2779 1679 2843 ὑπεξελθοΰσα
1717 2777 1816 2833 τὸν

116 2860 482 2932 Ἀρίστιππον
509 2866 652 2916 ἔνθα
677 2867 974 2932 προείρητο
1003 2864 1432 2931 καταλαμβάνει,
1471 2862 1563 2916 καὶ
1589 2865 1817 2932 δεσμεῖν
