1916 3132
775 142 1073 190 ΠΡΩΤΟΝ
1706 139 1766 192 31

74 281 305 350 ἄτοπος,
345 282 397 335 εἰ
419 278 516 333 τὸν
542 280 840 348 βάρβαρόν
866 299 933 349 με
971 283 1074 332 τοῦ
1100 277 1398 347 ’Ἐλληνος,
1436 275 1535 331 τὸν
1563 277 1776 349 λῃστὴν

74 370 173 420 τοῦ
221 364 509 434 ἐρωμένου
557 365 842 428 πιστεύοις
900 363 1251 431 ἐπίπροσθεν
1314 360 1500 431 ἄγεινς
1559 366 1616 416 τί
1667 357 1775 417 οὖν

76 450 341 521 ἐβούλετό
381 465 469 503 σοι
508 447 574 502 τὰ
612 453 711 518 τῆς
750 453 925 518 καλῆς
951 450 1294 518 δημηγορίας
1326 449 1569 518 ἐκείνης;
1611 452 1717 518 ἔφη
1747 446 1776 502 ὁ

75 536 371 604 Θεαγένης.
412 533 474 588 τὸ
501 535 604 604 μὲν
630 531 1115 609 γὰρυάδελφόννμε
1153 537 1364 602 σαυτῆς
1399 531 1777 587 ἀναπλάττειν

24 642 44 673 5
76 618 259 689 σοφὸν
300 622 377 683 εἰς
415 616 764 688 ὑπερβολήν,
806 620 899 671 καὶ
938 619 1132 687 πόρρω
1171 615 1272 671 τὸν
1303 619 1527 686 Θύαμιν
1554 624 1652 688 τῆς
1679 621 1775 689 ἐφ’

72 705 205 776 ἡμῖν
245 707 579 775 ζηλοτυπίας
616 701 862 773 ἀπάγον,
902 703 996 757 καὶ
1035 713 1295 757 συνεῖναι
1332 700 1475 772 ἡμᾶς
1514 702 1778 775 ἀλλήλοις

72 789 250 853 ἀδεῶς
286 790 731 860 παρασκευάζον.
797 794 1003 859 συνίην
1042 788 1134 841 καὶ
1172 792 1270 857 τῆς
1305 783 1514 852 Ἰωνίας
1550 790 1643 843 καὶ
1680 794 1776 861 τῆς

73 873 211 929 κατά
237 873 340 944 τὴν
365 878 559 944 Δῆλον
586 877 819 943 πλάνης,
849 873 933 928 ὅτι
961 878 1074 927 τῶν
1102 872 1286 927 ὄντων
1317 868 1391 942 ἦν
1419 873 1511 927 καὶ
1538 874 1776 946 ἀληθῶν

75 959 518 1030 ἐπικαλύμματα,
548 961 641 1013 καὶ
668 960 890 1029 πλάνην
912 961 987 1030 τῷ
1009 958 1130 1012 ὄντι
1156 970 1271 1022 τοῖς
1297 958 1606 1015 ἀκούουσιν
1635 964 1775 1017 ἐπά-

6 1065 43 1099 ιο
72 1064 260 1114 γοντα.
290 1043 351 1099 τὸ
375 1047 435 1100 δὲ
458 1046 687 1114 ἑτοίμως
707 1044 886 1107 οὕτως
908 1045 1192 1099 ἐπινεύειν
1206 1043 1307 1098 τὸν
1321 1046 1508 1115 γάμον
1529 1049 1622 1101 καὶ
1636 1066 1776 1104 συν-
1792 1062 1862 1115 26

74 1134 336 1184 τίθεσθαι
364 1131 678 1200 διαρρήδην
706 1130 800 1183 καὶ
827 1129 1029 1197 καιρὸν
1053 1127 1275 1198 ὁρίζειν,
1316 1134 1493 1184 ταῦτα
1519 1136 1770 1204 συμβάλ-
1829 1143 1845 1152 ‘

74 1217 193 1269 λειν
221 1215 351 1269 οὔτε
380 1215 668 1286 ἐδυνάμην
694 1212 824 1270 οὔτε
851 1215 1185 1285 ἐβουλόμην.
1241 1213 1487 1285 εὐχόμην
1515 1221 1575 1272 δὲ
1603 1241 1775 1275 κατα--

73 1301 241 1354 δυναι
267 1304 482 1369 μᾶλλον
509 1297 544 1369 ἦ
570 1302 836 1371 τοιαύτην
876 1301 1093 1364 ἐπὶδεῖν
1117 1321 1232 1354 των
1262 1301 1353 1353 ἐπὶ
1380 1301 1468 1355 σοὶ
1496 1304 1690 1358 πόνων
1715 1327 1774 1360 τε

74 1387 166 1440 καὶ
194 1385 437 1439 ἐλπίδων
463 1383 566 1455 τὴν
591 1387 876 1455 τελευτήν.
920 1385 1011 1438 καὶ
1038 1384 1070 1454 ἡ
1097 1388 1402 1452 Χαρίκλεια
1430 1392 1774 1463 περιβαλοῦ-

3 1489 44 1523 15
75 1485 144 1524 σα
182 1469 282 1525 τὸν
294 1474 609 1547 Θεαγένην
650 1473 741 1523 καὶ
789 1474 964 1538 μυριά
1004 1470 1304 1546 φιλήσασα
1306 1470 1443 1546 καὶ
1445 1474 1783 1548 διάβροχον

73 1544 352 1625 ποιήσασα
379 1566 494 1618 τοῖς
521 1557 831 1633 δάκρυσιν,
870 1577 944 1619 ως
981 1554 1202 1624 ἥδιστα,
1231 1560 1370 1627 ἔφη,
1412 1558 1648 1628 δέχομαί
1667 1577 1774 1614 σου

73 1628 365 1704 τοῖς-ἐπἶ
371 1632 507 1709 ’ἐμοὶ
557 1641 793 1702 τούτους
840 1642 1082 1709 φόβους
1146 1639 1384 1711 εὔδηλος
1430 1641 1538 1711 γάρ
1581 1642 1630 1698 εἷ
1667 1645 1772 1699 κάκ

71 1726 291 1781 τούτων
327 1727 401 1797 μὴ
443 1724 687 1789 ὀκλάσας
712 1724 814 1779 τὸν
843 1726 934 1780 ἐπ’
964 1724 1082 1794 ἐμοὶ
1111 1727 1299 1780 πόθον
1338 1722 1453 1782 ὑπὸ
1491 1733 1607 1782 τῶν
1633 1733 1774 1783 πολ-

74 1815 190 1866 λῶν
228 1814 558 1881 συμφορῶν.
626 1809 750 1863 ἀλλ’
781 1803 844 1864 εὖ
885 1816 1034 1879 ἴσθι,
1091 1813 1391 1882 Θεάγενες,
1432 1812 1559 1867 οὐδ’
1601 1813 1672 1869 ἂν
1710 1813 1774 1868 τὸ

2 1914 44 1948 20
73 1895 256 1964 παρὸν
289 1900 456 1950 τοῦτο
493 1894 754 1965 ἀλλήλοις
789 1897 1187 1965 διελεγόμεθα,
1227 1897 1299 1968 μὴ
1337 1900 1556 1952 τούτων
1593 1898 1774 1963 οὕτως

75 1981 525 2050 ἐπηγγελμένων.
577 1977 756 2050 ὁρμὴν
793 1982 928 2049 γάρ,
968 1979 1042 2045 ὦς
1076 1978 1275 2051 οἶσθα,
1304 1985 1621 2053 κρατούσης
1649 1982 1773 2038 ἐπι-

70 2070 282 2134 θυμίας
316 2067 461 2135 μάχη
498 2068 602 2135 μὲν
636 2064 939 2129 ἀντίτυπος
976 2067 1263 2137 ἐπιτείνει,
1303 2070 1468 2137 λόγος
1503 2071 1563 2122 δὲ
1603 2074 1774 2122 εἴκων

73 2150 166 2204 καὶ
192 2149 330 2220 πρὸς
357 2149 420 2203 τὸ
445 2152 703 2220 βούλημα
733 2152 1184 2222 συντρέχωνχτὴν
1220 2154 1450 2223 πρώτην
1489 2156 1582 2207 καὶ
1610 2155 1769 2220 ζέου-

77 2249 186 2288 σαν
212 2234 401 2304 φοράν
428 2234 710 2289 ἀνέστειλε
737 2237 830 2288 καὶ
850 2235 910 2290 τὸ
939 2236 1146 2301 κάτοξυ
1172 2241 1270 2307 τῆς
1290 2237 1521 2305 ὀρέξεως
1546 2259 1623 2292 τω
1649 2237 1780 2309 ἡδεῖ

10 2338 46 2372 25
75 2323 173 2390 τῆς
194 2320 526 2424 ἐπαγγελίας
552 2321 876 2375 κατεύνασε.
927 2323 1155 2393 πρωτην
1181 2324 1308 2392 γάρ,
1339 2344 1412 2386 ως
1438 2321 1618 2392 οἶμαι,
1648 2334 1765 2377 πεῖ-

18 2456 19 2459 ,
76 2424 183 2474 ραν
212 2405 271 2457 οι
290 2403 694 2474 ἀγροικότερον
724 2406 980 2473 ἐρῶντεςῖ
977 2405 1099 2485 τὴν
1115 2405 1434 2477 ὑπόσχεσιν
1461 2413 1770 2478 νομίζουσι,

16 2478 19 2495 ³
75 2487 169 2542 καὶ
207 2499 435 2557 κρατεῖν
474 2489 583 2545 ἀπὸ
621 2495 719 2559 τῆς
747 2466 1076 2559 ἐπαγγελίας
1113 2490 1419 2561 ἡγούμενοι
1456 2495 1773 2562 πραότερον

75 2574 394 2644 διάγουσιν,
420 2577 509 2630 ἐπὶ
536 2579 649 2629 τῶν
676 2576 919 2630 ἐλπίδων
947 2577 1298 2640 σαλεύοντες.
1349 2574 1386 2630 α’
1412 2576 1478 2647 δὴ
1509 2577 1602 2631 καὶ
1629 2576 1769 2646 αὐτὴ

75 2661 516 2729 προμηθουμένη
556 2670 671 2723 τοῖς
699 2660 884 2729 λόγοις
909 2660 1153 2731 ἐμαυτὴν
1183 2662 1470 2731 ἐξεδόμην,
1510 2669 1667 2725 θεοῖς
1703 2660 1771 2715 τά

7 2760 49 2794 ειο
79 2742 203 2812 ἑξῆς
229 2742 567 2811 ἐπιτρέψασα
595 2745 688 2798 καὶ
716 2748 941 2815 δαίμονι
968 2752 1044 2818 τῷ
1070 2749 1172 2818 τὴν
1209 2746 1388 2816 ἀρχὴν
1416 2748 1642 2816 λαχόντι
1668 2745 1771 2799 τὸν

72 2825 343 2898 ἡμέτερον
384 2828 774 2899 ἐπιτροπεύειν
821 2834 1014 2898 ἔρωτα.
1092 2830 1273 2886 πολλοὶ
1324 2837 1422 2901 μία
1457 2830 1636 2900 ἡμέρα
1676 2829 1770 2882 καὶ
