1916 3132
734 135 820 182 TE
827 135 915 182 TA
921 131 1108 180 ΡΤΟΝ
1665 126 1766 179 115

65 274 250 345 παρὸν
277 272 761 344 Ἡρακλεῖ--.Ἰρρίῳ
794 271 965 341 τήνδε
1001 268 1329 339 νικητήριον
1354 265 1636 321 ἀποθύειν
1661 265 1767 335 τὴν

67 358 339 429 εὐωχίαν,
377 353 546 425 το-ῦδε
582 359 684 410 τοῦ
722 354 1307 432 νεανίουλδείξαντες
1343 349 1444 404 τὸν
1481 369 1763 420 προκατα-

66 446 328 514 κείμενον
344 429 377 530 ‚J
399 438 828 513 ἀνάῷχσαμένου
865 438 966 492 τὸν
1003 437 1114 491 ἀπὸ
1152 441 1268 491 τῶν
1306 439 1633 489 παλαιστῶν
1673 435 1767 488 έν-

65 529 202 583 θαδὶ
241 523 554 596 στέφανον,
596 523 982 593 καὶθνικῶσαν
1019 521 1121 592 τήν
1168 510 1378 592 Τύρον]
1398 522 1462 576 ἐν
1499 519 1768 589 ’Ἕλλησιν

18 639 38 671 5
68 611 573 694 Qapqqefigavvog.
639 600 801 673 οὗτος
838 609 973 677 γάρ,
1017 605 1208 676 ἐπειδὴ
1251 607 1490 660 Μαλέαν
1516 601 1766 675 ὑπερβα-

66 699 260 761 λόντες
285 694 508 766 ἀνέμοις
532 714 590 748 τε
618 694 893 757 ἐναντίοις
919 692 1259 763 χρησάμενοι
1285 694 1354 762 τῇ
1374 688 1769 759 Κεφαλλήνων

65 783 464 852 προσέσχομεν,
508 777 647 849 ὄναρ
686 778 836 848 αὐτῷ
870 776 1288 847 προμαντεύειν
1313 775 1419 846 τὴν
1445 776 1767 845 μέλλουσαν

65 868 414 934 πυθιονίκην
439 864 541 918 τὸν
563 864 799 932 πάτριον
824 859 984 933 ἡμῶν
1004 861 1171 916 τόνδε
1190 859 1332 915 θεὸν
1361 858 1765 929 ἐπομνύμενος,

68 950 418 1018 ἐκτραπῆναί
438 969 498 1003 τε
522 953 623 1002 τοῦ
650 949 1025 1016 προκειμένου
1052 950 1199 1000 πλοῦ
1236 945 1329 999 καὶ
1363 946 1496 1016 τῇδε
1533 947 1770 1011 κατᾶραι

0 1055 38 1089 ιο
68 1037 292 1103 πείσας,
343 1036 525 1103 ἔργοις
573 1033 919 1087 ἐπιστώσατο
951 1031 1054 1101 τήν
1102 1032 1394 1100 μαντείαν,
1445 1033 1769 1092 καλλίνικος

64 1118 200 1189 ἡμῖν
238 1116 267 1172 ὁ
305 1118 440 1180 τέως
478 1121 718 1187 ἔμπορος
756 1115 1130 1185 ἀναδειχθείς,
1171 1114 1264 1169 καὶ
1303 1115 1474 1184 τήνδε
1511 1115 1616 1185 τὴν
1653 1119 1769 1166 θυ-

67 1207 198 1258 σίαν
236 1201 360 1271 ἄγει
397 1205 473 1273 τῷ
511 1205 629 1273 θεῷ
667 1204 743 1272 τῷ
770 1202 1016 1270 φήναντι
1042 1199 1376 1271 νικητήριόν
1402 1219 1461 1254 τε
1488 1197 1582 1253 καὶ
1608 1218 1764 1268 χαρι-

67 1288 318 1357 στήριον,
347 1285 457 1356 ἄμα
479 1286 540 1340 δὲ
568 1285 659 1340 καὶ
684 1285 1051 1355 ἐμβατήριον·
1095 1286 1171 1348 εἰς
1204 1284 1276 1339 ἕω
1311 1283 1419 1354 γάρ
1451 1283 1695 1353 ἀφήσειν
1722 1275 1772 1336 οῗ

67 1377 248 1445 λςὸστε
274 1372 567 1442 μέλλομεν,
599 1372 649 1424 εἰ
664 1369 730 1423 τά
761 1371 822 1424 ἐκ
849 1374 963 1423 τῶν
990 1367 1212 1438 ἀνέμων
1238 1372 1307 1439 τῇ
1326 1369 1598 1438 βουλήσει
1625 1382 1765 1436 συμ-

0 1476 38 1510 15
66 1457 344 1512 πνεύσειε.
400 1458 627 1524 μέλλετε
656 1457 794 1524 δῆτα
832 1455 1084 1523 ἀληθῶςς
1126 1457 1288 1524 ἔφην.
1346 1452 1440 1507 ναὶ
1473 1454 1768 1522 μέλλομεν.

68 1541 463 1611 ἀπεκρίναντο.
543 1541 899 1610 σ-υνέμπορον
949 1538 1059 1609 ἄρα
1107 1538 1258 1604 ἕξετέ
1290 1558 1359 1608 με
1395 1538 1767 1607 βουλόμενοι,

67 1629 246 1689 πλοῦς
284 1625 394 1694 γάρ
421 1645 514 1694 μοι
540 1625 830 1693 πρόκειται
857 1624 997 1678 κατά
1023 1644 1074 1677 τι
1111 1626 1272 1693 χρέος
1301 1626 1375 1687 εἰς
1402 1624 1692 1690 Σικελίαν,
1732 1621 1765 1691 ή

68 1711 130 1765 δὲ
171 1711 368 1779 νῆσος,
410 1707 484 1772 ὥς
523 1714 668 1777 ἴστε,
719 1711 1053 1776 παράπλους
1090 1705 1225 1778 ὑμῖν
1266 1708 1355 1762 ἐπὶ
1394 1707 1497 1776 τὴν
1536 1706 1770 1776 Λιβύων

70 1793 504 1852 ἐσπουδακόσιν.
567 1796 618 1847 εί
639 1796 746 1863 γὰρ
773 1795 1133 1863 βουληθείης,
1165 1796 1384 1861 ἔλεγον·
1415 1791 1639 1861 ἀγαθὸν
1666 1789 1769 1844 οὐ-

0 1899 38 1932 20
68 1880 166 1933 δὲν
193 1878 417 1933 ἀπεῖναι
443 1883 752 1947 νομιοῦμεν
779 1876 946 1947 ἀνδρὶ
973 1881 1135 1949 σοφῷ
1159 1898 1219 1932 τε
1255 1878 1348 1931 καὶ
1377 1876 1637 1947 ’Έλληνι,
1676 1879 1770 1929 καὶ

68 1963 143 2029 ὦς
169 1965 403 2018 δίδωσιν
431 1961 463 2033 ἡ
491 1973 655 2033 πεῖρα
684 1963 1053 2034 συμβάλλειν,
1081 1966 1220 2033 τάχα
1248 1981 1360 2016 που
1382 1964 1474 2016 καὶ
1494 1968 1651 2024 θεοῖς
1677 1981 1770 2014 κε-

65 2047 385 2120 χαρισμένῳ
423 2048 710 2111 συνόντες.
775 2047 1155 2118 βουλήσομαι,
1197 2047 1336 2117 πρὸς
1371 2045 1578 2109 αὐτοῦς
1604 2049 1767 2116 ἔφην,

68 2135 120 2188 εί
141 2138 276 2202 μίαν
305 2134 558 2201 ἐνδοίητε
584 2131 724 2203 πρὸς
750 2131 1117 2202 παρασκευὴν
1143 2131 1376 2202 ἡμέραν.
1431 2131 1598 2198 ἕξεις,
1629 2133 1766 2199 ἔφα-

66 2233 192 2286 σαν,
234 2215 337 2286 τήν
378 2215 603 2285 αὔριον·
647 2218 825 2286 μόνον
865 2220 941 2281 εἰς
968 2217 1210 2288 ἑσπέραν
1247 2220 1391 2286 γοῦν
1430 2216 1518 2272 ἐπὶ
1553 2215 1767 2270 θάλατ-

0 2318 40 2369 25
71 2322 176 2356 ταν
203 2298 372 2356 εἶναι·
415 2300 562 2355 πολὺ
597 2302 704 2370 γάρ
741 2322 792 2355 τι
826 2303 920 2355 καὶ
955 2303 1154 2366 νύκτες
1191 2303 1268 2365 εἰς
1293 2306 1479 2355 πλοῦν
1506 2300 1765 2367 ἀνύουσι,

67 2384 350 2455 ἀπογείοις
387 2383 588 2455 αὔραις
625 2384 884 2456 ἀκύμονα
933 2386 999 2441 τὰ
1047 2387 1234 2456 σκάφη
1275 2388 1767 2456 παραπέμπουσαι.

70 2473 446 2540 συνετιθέμην
497 2469 646 2524 οὕτω
696 2471 982 2541 ποιήσειν,
1034 2470 1181 2542 ὅρκῳ
1229 2471 1509 2543 πρότερον
1559 2470 1642 2524 ὅτι
1690 2467 1762 2538 μὴ

69 2555 607 2625 προαναχθήσονται
642 2556 745 2626 τὴν
784 2558 1125 2626 ἐπαγγελίαν
1160 2557 1599 2626 πιστωσάμενος.

175 2641 267 2693 καὶ
294 2637 421 2702 τοῦς
447 2640 551 2708 μὲν
579 2639 755 2694 αὐτοῦ
783 2642 1126 2708 καταλιπών,
1165 2641 1308 2711 πρὸς
1344 2640 1537 2704 αὐλοῖς
1564 2643 1644 2693 ἔτι
1671 2638 1850 2711 καὶᾸΙἹ

1 2737 43 2773 8⁰
72 2722 371 2806 ὀρχήσεσιν
412 2723 605 2794 ὄντας,
637 2723 711 2814 ῥὶς
738 2724 869 2803 Ἰ(ὑπὸ
919 2712 1241 2795 πηκτίδωνχ
1246 2725 1544 2795 ἐπίτροχον
1582 2724 1773 2792 μέλος,

64 2805 364 2879 Ἀσσύριόν
389 2829 512 2862 τινα
533 2806 1028 2884 νόμον-ἐσκίρτων,
1058 2808 1180 2880 ἄρτι
1206 2811 1311 2879 μὲν
1329 2810 1565 2878 κούφοις
1590 2806 1769 2876 ἄλμα-

71 2906 164 2946 σιν
191 2895 268 2958 εἰς
294 2892 439 2958 ῦψος
475 2893 789 2964 αἰρόμενοι,
828 2892 953 2965 ἄρτι
990 2894 1050 2949 δὲ
1077 2899 1143 2964 τῇ
1172 2898 1242 2963 γῇ
1270 2895 1500 2960 συνεχὲς
1526 2888 1767 2962 ἐπῖοκλά-

1359 2981 1493 3054 8⁴⁶·
