1916 3132
103 64 169 116 10
801 70 1096 118 ΠΡΩΤΟΝ

95 205 199 272 μὲν
226 202 467 267 πολλοὺς
493 206 688 259 οἴκαδε
715 204 937 259 ἀπιέναι
964 207 1361 275 προσέταττεν,
1393 210 1470 270 εἰς
1494 207 1600 278 τὴν
1626 206 1787 264 ὑστε-

97 291 263 357 ραίαν
302 287 552 352 ἅπαντας
589 288 749 358 ἥκειν
788 287 862 353 ὠς
901 288 1072 344 αὑτὸν
1125 292 1462 355 ἐπιστείλας*
1523 291 1688 356 αὐτὸς
1727 295 1788 348 δὲ

100 372 208 428 σὺν
246 372 455 442 ὀλίγοις
492 383 608 436 τοῖς
650 372 915 429 εἰωθόσιν
964 373 1359 444 ὑπολειφθείς,
1412 379 1504 430 καὶ
1553 379 1788 432 δείπνου

97 458 236 527 πρὸς
268 455 449 527 βραχὺ
485 467 599 521 τοῖς
634 457 682 511 τ’
712 457 902 523 ἄλλοις
926 458 1199 528 μεταδοὺς
1235 458 1326 512 καὶ
1353 459 1523 524 αὐτὸς
1546 466 1787 530 μεταλα-

95 544 234 612 βών,
266 541 398 604 τούς
422 544 526 610 μὲν
553 542 959 613 νέους”Ἐλληνί
975 564 1084 596 τινι
1111 545 1462 611 παραδίδωσι
1487 550 1786 618 νεανίσκῳ,
1817 568 1837 600 5

97 627 164 681 οὐ
202 623 310 697 πρὸ
349 631 563 680 πολλοῦ
602 626 735 695 παρ’
779 625 967 691 αὐτοῖς
1005 629 1332 699 αἰχμαλώτῳ
1370 630 1645 699 γεγονότι,
1686 634 1788 684 τοῦ

96 712 456 780 διαλέγεσθαι
485 711 695 780 ἕνεκεν,
736 713 992 781 καλύβην
1019 716 1116 780 τῆς
1142 712 1345 766 ἑαυτοῦ
1375 717 1617 784 πλησίον
1643 713 1786 769 ἀπο-

95 797 416 867 κληρώσας,
456 795 524 849 τά
550 816 610 849 τε
647 795 789 850 ἄλλα
818 800 1228 866 ἐπιμεληθῆναι
1255 800 1355 850 τοῦ
1382 799 1513 851 νέου
1540 800 1783 866 προστά-

95 881 189 946 ξας
228 884 320 934 καὶ
356 879 461 950 τὴν
488 877 663 950 κόρην
690 879 1037 950 ἀνύβριστον
1063 879 1172 935 ἀπὸ
1212 885 1443 936 πάντων
1470 883 1787 951 διαφυλάτ-

93 986 239 1032 τειν,
281 964 446 1027 αὐτὸς
483 966 544 1019 δὲ
581 964 806 1036 καμάτῳ
839 986 898 1019 τε
939 970 1035 1035 τῆς
1071 964 1395 1034 ὁδοιπορίας
1437 969 1786 1036 βαρούμενος
1816 987 1858 1019 10

94 1050 187 1103 καὶ
226 1051 489 1119 φροντίδι
536 1053 650 1102 τῶν
687 1050 987 1118 παρόντων
1029 1051 1401 1119 συνεχόμενος
1437 1049 1576 1119 πρὸς
1602 1049 1784 1105 ὕπνον

96 1136 411 1202 ἐτέτραπτο.

28 1223 65 1275 8
199 1222 357 1286 σιγῆς
397 1219 457 1270 δὲ
492 1216 555 1271 τὸ
589 1218 711 1279 ἕλος
751 1217 1137 1287 κατασχούσης
1176 1217 1269 1271 καὶ
1295 1218 1500 1282 νυκτὸς
1527 1221 1604 1282 είς
1629 1220 1779 1288 πρώ-

92 1325 194 1373 την
222 1302 489 1372 φυλακὴν
516 1303 928 1371 προελθούσης,
957 1301 1060 1371 τὴν
1089 1305 1324 1372 ἐρημίαν
1360 1306 1472 1356 τῶν
1509 1301 1785 1373 ὀχλησόν-

91 1409 204 1442 των
233 1386 506 1454 εὐπορίαν
543 1389 621 1450 εἰς
653 1389 907 1455 θρήνους
943 1387 999 1439 oc
1031 1387 1158 1456 περὶ
1195 1384 1299 1455 τὴν
1327 1386 1505 1457 κόρην
1533 1387 1782 1456 ἐλάμβα-
1814 1406 1854 1439 15

92 1493 214 1540 νον,
256 1471 631 1539 ἀνακινούσης
670 1469 888 1538 αὐτοῖς,
942 1460 1122 1540 οἶμαι,
1176 1473 1350 1525 πλέον
1386 1468 1453 1525 τὰ
1492 1473 1648 1541 πάθη
1687 1475 1784 1541 τῆς

91 1557 323 1623 νυκτός,
364 1554 457 1608 ἅτε
496 1553 759 1623 οὐδεμιᾶς
798 1553 923 1607 οὔτε
962 1553 1131 1624 ἀκοῆς
1169 1553 1296 1610 οὔτε
1322 1551 1504 1620 ὅψεως
1531 1554 1624 1624 ἐφ’
1652 1555 1782 1610 ἑαυ-

92 1640 194 1711 τὴν
217 1639 586 1708 ἀντισπωσης,
615 1636 759 1691 ἀλλά
780 1639 933 1709 μόνῳ
955 1643 1031 1709 τῷ
1048 1643 1322 1693 λυποῦντι
1351 1641 1636 1709 σχολάζειν
1659 1641 1782 1694 ἑπι-

93 1723 433 1794 τρεπούσης,
474 1721 654 1775 πολλὰ
691 1722 757 1790 δὴ
799 1715 903 1775 οὗν
940 1722 1294 1791 ἀνοιμωξασα
1332 1723 1469 1778 καθ’
1507 1724 1713 1794 ἑαυτὴν
1747 1721 1779 1792 ἡ

94 1810 230 1878 κόρη
259 1809 587 1876 (κεχώριστο
615 1807 722 1874 γάρ
740 1848 755 1874 ,
783 1810 946 1859 τοῦτο
975 1809 1350 1876 προσταχθέν,
1388 1807 1478 1861 ε’πί
1503 1827 1655 1870 τινος
1679 1827 1778 1876 χα-
1807 1823 1849 1857 20

90 1889 809 1962 μεύνης]κατακεκλιμένη)
850 1890 942 1942 καὶ
991 1890 1127 1943 ὅσον
1165 1895 1429 1944 πλεῖστον
1470 1888 1780 1960 ἐπιδακρύ-

93 1992 261 2045 σασα,
284 1976 571 2029 ’Ἄπολλον
592 1979 724 2045 ἔφη,
760 1974 833 2038 ὣς
853 1978 980 2028 λίαν
999 1972 1142 2044 ἡμᾶς
1161 1976 1253 2027 καὶ
1280 1978 1616 2045 πικρότερον
1632 1971 1778 2044 ἀμύ-

90 2083 163 2133 νῃ
203 2065 315 2114 τῶν
353 2059 790 2129 ἁμαρτημάτων,
831 2058 962 2111 οὐδὲ
1002 2059 1168 2111 ἱκανά
1206 2073 1293 2112 σοι
1332 2058 1470 2128 πρὸς
1506 2062 1779 2128 τιμωρίαν

91 2145 157 2199 τά
185 2146 570 2216 παρελθόντα,
611 2145 864 2213 στέρησις
889 2153 1003 2197 τῶν
1038 2145 1279 2211 οἰκείων,
1320 2133 1800 2196 καταποντιστῶν]

91 2227 321 2295 ἅλωσις,
369 2231 676 2281 θαλασσῶν
714 2230 912 2296 μυρίος
949 2229 1240 2294 κίνδυνος,
1291 2216 1511 2296 λῃστῶν
1551 2226 1639 2279 ἐπὶ
1678 2230 1779 2296 γῆς
1807 2243 1847 2275 25

91 2311 197 2383 ἤδη
226 2314 461 2380 δευτέρα
488 2312 787 2380 σύλληψις,
826 2314 917 2364 καὶ
945 2314 1250 2380 πικρότερα
1275 2314 1390 2364 τῶν
1419 2313 1482 2364 ἐν
1507 2313 1673 2379 πείρᾳ
1711 2308 1777 2363 τά

91 2396 548 2465 προσδοκώμενα,
607 2399 698 2448 καὶ
734 2405 834 2448 ποῖ
854 2399 1027 2448 ταῦτα
1057 2398 1301 2464 στήσεις;
1345 2396 1396 2448 εἰ
1425 2394 1528 2463 μὲν
1565 2395 1642 2456 εἰς
1666 2393 1776 2446 θά-

90 2501 265 2535 νατον
292 2479 649 2548 ἀνύβριστον,
688 2477 799 2547 ἡδὺ
826 2480 887 2534 τὸ
915 2483 1094 2548 τέλος,
1133 2481 1183 2532 εἰ
1207 2481 1269 2532 δέ
1301 2499 1368 2546 με
1395 2479 1676 2546 γνώσεταί
1696 2497 1778 2540 τις

91 2567 355 2635 αἰσχρῶς,
395 2561 466 2633 ἣν
491 2564 718 2633 μηδέπω
756 2564 894 2633 μηδὲ
937 2565 1240 2632 Θεαγένης,
1282 2563 1386 2631 ἐγώ
1426 2562 1530 2630 μὲν
1566 2560 1776 2631 ἀγχόνῃ

94 2650 452 2718 προλήψομαι
489 2647 592 2716 τὴν
630 2646 820 2716 ὕβριν,
861 2646 1121 2713 καθαραν
1149 2645 1396 2715 ἐμαυτὴν
1434 2644 1622 2712 ὥσπερ
1661 2665 1771 2713 φυ-
1803 2661 1844 2694 30

93 2735 300 2802 λάττω,
341 2732 433 2785 καὶ
459 2733 617 2801 μέχρι
643 2732 898 2784 θανάτου
926 2731 1249 2800 φυλάξασα,
1288 2730 1381 2783 καὶ
1408 2727 1583 2782 καλὸν
1613 2729 1776 2783 ἐντά-

88 2837 228 2886 φιον
282 2814 387 2885 τήν
434 2814 813 2885 σωφροσύνην
850 2814 1298 2883 ἀπενεγκαμένη,
1349 2816 1453 2866 σοῦ
1492 2813 1552 2866 δὲ
1592 2811 1775 2876 οὐδεὶς
