1916 3132
774 144 1070 194 ΠΡΩΤΟΝ
1704 139 1774 191 29

69 281 108 356 ἦ
134 287 276 340 ἔνθα
309 281 496 354 βωμὸς
529 281 567 351 ἢ
593 280 726 346 ναὸς
756 279 1067 334 Ἀπόλλωνι
1091 278 1446 348 νενόμισται,
1474 278 1578 349 τὴν
1607 281 1774 347 ἱερω-

73 369 252 439 σύνην
278 370 371 423 καὶ
396 366 464 422 τὰ
495 367 701 436 ταύτης
727 363 1048 419 ἀποθέσθαι
1083 363 1358 434 σύμβολα.
1419 365 1644 433 βέλτιον
1669 365 1774 433 μὲν

71 451 179 524 γάρ
206 455 284 517 εἰς
310 454 564 523 Μέμφιν,
594 450 731 506 ὅταν
757 452 851 504 καὶ
876 448 980 519 τὴν
998 448 1165 519 τιμὴν
1192 445 1481 519 ἀνακτήσῃ
1507 453 1606 519 τῆς
1631 467 1771 516 προ-

72 543 331 608 φητείας·
399 535 548 591 οὕτω
600 535 694 590 καὶ
734 536 763 590 ὁ
801 536 975 604 γάμος
1022 532 1407 603 εύθυμότερος
1445 533 1518 587 ἂν
1556 533 1772 603 ἄγοιτο,

22 645 44 678 5
73 627 202 694 νίκῃ
231 623 654 691 συναπτόμενος
680 621 773 675 καὶ
793 621 884 675 ἐπὶ
911 622 1392 688 κατορθουμένοις
1411 620 1770 689 τελούμενος·

73 709 126 763 εί
147 708 209 763 δὲ
236 709 328 761 καὶ
348 708 646 777 πρότερον,
677 707 740 760 ἐν
763 706 854 760 σοὶ
869 708 1188 768 καταλείψω
1209 702 1313 774 τὴν
1334 707 1552 769 σκέψιν.
1592 706 1773 773 μόνον

71 796 364 862 τελεσθείη
402 812 496 862 μοι
533 791 601 844 τὰ
638 791 847 860 πάτρια
885 791 1179 860 πρότερον.
1256 791 1350 843 καὶ
1387 787 1515 844 οῖδα
1551 787 1625 852 ὥς
1650 788 1774 842 ε’πι-

71 877 311 947 νεύσεις,
343 878 511 946 ἱεροῖς
536 897 596 930 τε
624 878 689 932 ἐκ
715 878 955 943 παίδων,
986 873 1061 938 ὥς
1087 875 1223 947 φῄς,
1252 874 1651 944 ἀνακείμενος,
1680 872 1773 927 καὶ

72 962 133 1016 τὸ
172 960 302 1030 περὶ
337 961 471 1026 τούς
504 960 677 1026 θεοὺς
712 960 872 1015 ὅσιον
899 960 1329 1030 ἀποσεμνύνων.

1 1066 42 1101 10
177 1048 271 1101 καὶ
305 1046 344 1116 ἢ
380 1048 484 1116 μὲν
511 1046 764 1101 ἐνταῦθα
803 1051 918 1100 τῶν
945 1047 1130 1115 λόγων
1158 1047 1461 1115 ἐπαύσατο,
1502 1047 1771 1112 δακρύων
1790 1061 1857 1114 23

73 1132 134 1185 δὲ
159 1129 362 1202 ἤρξατο
380 1151 392 1162 ·
433 1135 548 1186 τῶν
574 1133 635 1186 δὲ
673 1133 975 1202 παρόντων
1003 1133 1060 1185 oc
1081 1133 1186 1200 μὲν
1211 1130 1373 1185 ἄλλοι
1399 1132 1603 1193 πάντες
1631 1131 1772 1202 ἐπῄ-

71 1236 235 1286 νουν,
263 1217 357 1270 καὶ
383 1218 648 1284 πράττειν
675 1215 854 1280 οὕτως
882 1218 1149 1271 ἐκέλευόν
1169 1237 1228 1270 τε
1255 1218 1347 1270 καὶ
1376 1217 1604 1285 ἑτοίμως
1625 1219 1773 1285 ἔχειν

74 1301 274 1371 ἐβόων,
315 1302 512 1375 ἐπῄνει
550 1303 610 1355 δὲ
647 1304 740 1355 καὶ
777 1299 805 1356 ὁ
844 1302 1088 1370 Θύαμις,
1127 1301 1271 1355 ἑκών
1307 1322 1366 1354 τε
1398 1300 1461 1354 τὸ
1486 1302 1652 1370 μέρος
1678 1301 1772 1353 καὶ

72 1385 255 1456 ἄκων,
302 1385 414 1442 ὑπὸ
465 1388 570 1457 μὲν
617 1392 712 1457 τῆς
759 1386 889 1453 περὶ
938 1389 1042 1456 τὴν
1082 1389 1427 1455 Χαρίκλειαν
1468 1386 1773 1454 ἐπιθυμίας

1 1489 43 1524 15
72 1473 166 1525 καὶ
200 1470 306 1541 τὴν
341 1474 637 1541 παροῦσαν
679 1471 834 1541 ὤραν
873 1470 1194 1541 ἀπέραντον
1233 1473 1444 1541 χρόνου
1478 1475 1656 1539 μῆκος
1696 1471 1773 1532 εἰς

71 1553 382 1626 ὑπέρθεσιν
445 1554 781 1626 ἡγούμενος,
852 1554 963 1610 ὑπὸ
1031 1557 1092 1611 δὲ
1154 1560 1268 1610 τῶν
1331 1556 1520 1625 λόγων
1581 1555 1771 1623 ὥσπερ

69 1639 223 1704 τινός
266 1644 526 1711 σειρῆνος
572 1644 946 1711 κεκηλημένος
990 1642 1083 1695 καὶ
1140 1641 1281 1711 πρὸς
1340 1639 1401 1694 τὸ
1465 1644 1771 1695 πείθεσθαι

71 1727 626 1796 κατηναγκασμένος,
686 1726 795 1795 ἅμα
855 1728 919 1780 δέ
960 1747 1010 1780 τι
1058 1727 1152 1780 καὶ
1201 1724 1341 1795 πρὸς
1386 1725 1449 1780 τὸ
1499 1726 1773 1779 ἐνύπνιον

71 1809 405 1881 ἀναφέρων,
466 1812 559 1863 καὶ
615 1808 715 1864 τὸν
772 1811 952 1880 γάμον
1009 1809 1147 1865 κατὰ
1200 1811 1302 1880 τὴν
1356 1812 1591 1882 Μέμφιν
1646 1814 1770 1864 ἔσε-

0 1914 42 1948 20
73 1901 208 1950 σθαι
246 1897 690 1951 καταπιστεύων.
775 1898 868 1950 καὶ
916 1899 1136 1950 διαλύει
1185 1898 1290 1966 μὲν
1327 1894 1428 1950 τὸν
1466 1899 1769 1965 σύλλογον,

70 1979 176 2050 τὴν
231 1983 390 2034 λείαν
445 1980 724 2050 πρότερον
773 1984 1092 2052 διανείμας,
1158 1984 1339 2036 πολλὰ
1386 1986 1500 2036 τῶν
1556 1981 1771 2048 ἐξαιρέ-

70 2085 185 2119 των
222 2063 392 2129 αὐτὸς
423 2064 609 2120 ἑκοντὶ
648 2069 1142 2136 παραχωρούντων
1190 2069 1591 2138 κομισάμενος·
1646 2067 1769 2120 ἐπι-
1789 2081 1858 2134 24

72 2150 288 2204 στέλλει
343 2151 404 2203 δὲ
461 2152 537 2213 εἰς
598 2153 840 2222 δεκάτην
893 2151 1375 2223 ηὐτρεπισμένους
1431 2149 1604 2221 εἶναι,
1668 2150 1771 2220 τήν

72 2230 252 2304 ὁρμήν
301 2233 375 2297 ὠς
422 2233 512 2288 ἐπὶ
567 2233 672 2304 τὴν
732 2238 970 2305 Μέμφιν
1023 2239 1448 2308 ποιησομένους.
1535 2247 1651 2301 τοῖς
1710 2237 1770 2291 δὲ

7 2336 42 2370 25
75 2316 306 2388 ‘'Ehlmn
331 2321 435 2390 τὴν
460 2323 742 2388 προτέραν
768 2319 1092 2391 ἀπεκλήρου
1119 2322 1352 2393 σκηνήν.
1412 2322 1770 2392 συνεσκήνου

72 2403 135 2458 δὲ
171 2401 363 2468 αὐτοῖς
399 2403 493 2458 καὶ
542 2402 571 2458 ὁ
607 2406 857 2476 Κνήμων
895 2399 1065 2471 αὖθις
1104 2410 1167 2462 ἐκ
1205 2409 1660 2476 προστάγματος,
1701 2405 1771 2460 ού

73 2489 328 2558 φρουρὸς
362 2492 441 2543 ἔτι
467 2491 529 2544 τὸ
559 2491 833 2545 ἐντεῦθεν
859 2490 1002 2544 ἀλλά
1037 2493 1343 2561 συνόμιλος
1367 2492 1767 2559 ἀποδεδειγμέ-

71 2591 183 2634 νος.
246 2573 340 2626 καὶ
377 2572 599 2628 δίαιτάν
635 2596 693 2629 τε
731 2574 1045 2644 ἀβροτέραν
1079 2581 1175 2646 τῆς
1222 2575 1394 2646 οὔσης
1430 2586 1697 2645 παρεῖχεν
1743 2573 1772 2627 ὁ

75 2655 322 2726 Θύαμις,
351 2660 444 2712 καὶ
472 2659 539 2729 δὴ
567 2659 660 2713 καὶ
685 2660 785 2714 τὸν
814 2663 1102 2731 Θεαγένην
1130 2665 1208 2726 είς
1234 2665 1374 2717 αἰδῶ
1400 2666 1497 2731 τῆς
1523 2659 1771 2729 ἀδελφῆς

0 2757 45 2792 ἕο
75 2738 397 2808 ὁμοδίαιτον
444 2744 700 2798 ἐποιεῖτο.
786 2741 965 2815 αὐτὴν
1003 2747 1064 2799 δὲ
1102 2750 1207 2816 τὴν
1244 2751 1590 2814 Χαρίκλειαν
1635 2743 1768 2798 οὐδὲ

74 2823 214 2894 ὁρᾶν
250 2824 318 2880 τὰ
343 2828 522 2882 πολλὰ
550 2830 870 2899 διεγνώκει,
910 2835 1012 2884 τοῦ
1039 2831 1112 2902 μὴ
1139 2831 1243 2901 τήν
1269 2833 1412 2885 θέαν
1439 2830 1767 2896 ὑπέκκαυμα
