1916 3132
820 116 1122 164 ΠΡΩΤΟΝ
1753 117 1816 170 19

115 253 279 308 τοῦτο
307 251 375 323 δὴ
402 250 465 306 τὸ
491 256 592 305 τοῦ
619 254 812 316 ἔπους·
853 250 959 321 τήν
997 253 1058 306 δὲ
1087 250 1265 316 εὐθὺς
1294 253 1517 322 ἐρινύες
1540 253 1815 324 ἤλαυνον,

115 337 209 392 καὶ
253 336 641 408 μανικώτερον
687 335 800 406 ἤρα
851 351 956 391 σου
994 337 1066 407 μὴ
1110 338 1408 407 παρόντος,
1451 339 1544 392 καὶ
1582 340 1820 409 θρήνων

114 419 219 476 ούκ
247 423 501 490 ἐπαύετο,
531 424 710 491 δῆθεν
736 423 840 492 μὲν
866 425 980 475 τῶν
1008 421 1100 476 ἐπὶ
1127 426 1235 491 σοι’,
1275 421 1338 476 τὸ
1378 422 1433 476 δ’
1462 421 1670 493 ἀληθὲς
1704 428 1819 478 τῶν

115 505 212 578 ἐφ’
241 506 430 578 ἑαυτῇ,
457 500 991 586 καὶ,](νη’μων’”ἐβόα
1017 508 1196 561 νύκτα
1223 527 1283 560 τε
1309 510 1404 561 καὶ
1430 507 1562 578 μεθ’
1584 507 1815 578 ἡμέραν,

64 593 343 670 5,,παιδίον
380 588 756 660 γλυκύτατον,
781 583 1225 662 ,ψυχὴνίἑαυτῆς
1263 590 1634 662 ὀνομάζουσα,
1674 592 1818 647 ὥστε

113 679 206 731 καὶ
244 677 309 729 αἱ
340 676 614 747 γνώριμοι
652 680 766 729 τῶν
803 682 1096 745 γυναικῶν
1135 681 1413 746 φοιτῶσαι
1461 676 1594 746 παρ’
1635 676 1818 748 αὐτὴν

112 761 335 831 σφόδρα
372 763 476 830 μὲν
517 762 836 831 ἐθαύμαζον
875 763 969 815 καὶ
1010 761 1282 833 ἐπῄνουν,
1324 765 1374 815 εί
1408 761 1615 832 μητρὸς
1648 762 1680 832 ἡ
1710 784 1817 833 μη-

110 845 275 914 τρυιὰ
306 845 491 910 πάθος
518 847 919 912 ἐπιδείκνυται,
948 851 1420 916 παραμυθεῖσθαί
1442 868 1501 902 τε
1531 849 1624 901 καὶ
1658 850 1818 917 ἐπιρ-

112 933 405 1001 ρωννύναι
444 930 765 1001 ἐπειρῶντο.
823 931 861 1002 ἢ
882 925 1425 1004 δὲῖἰπαραμύθητον
1454 929 1598 987 εἶναι
1626 933 1688 986 τὸ
1715 954 1817 986 κα-

46 1040 84 1074 10
114 1016 238 1084 κόν,
278 1014 371 1069 καὶ
397 1011 520 1070 οἷον
549 1018 842 1085 ἐγκεῖσθαι
867 1022 934 1088 τῇ
963 1021 1168 1089 καρδίᾳ
1197 1016 1694 1088 κέντρον’ἄγνοεῖν
1722 1017 1818 1081 τὰς

110 1099 281 1165 ἄλλας
320 1103 525 1170 ἔλεγεν.
591 1103 640 1154 εί
677 1102 743 1155 δέ
779 1121 912 1156 ποτε
950 1103 1167 1171 γένοιτο
1196 1103 1335 1156 καθ’
1363 1102 1587 1173 ἑαυτήν,
1629 1102 1809 1156 πολλα
1835 1107 1898 1159 15

109 1185 213 1255 τὴν
243 1188 459 1254 Θίσβην
488 1185 763 1255 ἐμέμφετο
802 1184 874 1249 ὥς
913 1186 982 1240 οὐ
1021 1187 1418 1257 προσηκόντως
1457 1187 1813 1258 ὑπηρετησα-

108 1271 305 1340 μένην,
343 1268 377 1340 ἡ
419 1273 698 1324 σπουδαία
736 1273 864 1340 περὶ
900 1274 965 1326 τὰ
994 1273 1153 1326 δεινά
1182 1274 1443 1341 λέγουσα,
1483 1271 1515 1342 ἡ
1544 1271 1684 1342 πρὸς
1709 1274 1814 1342 μὲν

108 1353 208 1409 τὸν
247 1358 419 1423 ἔρωτα
458 1354 529 1425 μὴ
576 1358 969 1425 συμπράξασα,
1013 1358 1104 1411 ἐπὶ
1144 1358 1204 1410 δὲ
1243 1362 1320 1428 τῷ
1360 1361 1713 1427 στερηθῆναί
1745 1378 1813 1426 με

39 1463 79 1497 ¹5
107 1443 211 1494 τοῦ
247 1438 524 1510 φιλτάτου
573 1442 664 1494 καὶ
715 1442 890 1510 λόγου
940 1445 1146 1510 ταχίων
1193 1441 1624 1510 ἀποδειχθεῖσα,
1673 1442 1813 1512 μηδὲ

106 1527 677 1593 μεταβουλεύσασθαί
710 1547 804 1594 μοι
844 1529 1274 1597 συγχωρήσασα.
1354 1528 1446 1580 καὶ
1485 1528 1627 1595 δήλη
1668 1546 1811 1580 παν-

108 1612 271 1673 τοίως
311 1610 532 1678 ἐγένετο
572 1611 752 1665 κακόν
790 1632 842 1665 τι
880 1612 1239 1681 διαθήσουσα
1267 1613 1372 1680 τὴν
1402 1614 1633 1681 Θίσβην.
1685 1608 1724 1680 ἡ“
1751 1612 1813 1666 δὲ

107 1694 557 1763 βαρυμηνιεόσαν
596 1694 799 1766 ὁρῶσα,
842 1696 935 1750 καὶ
971 1697 1152 1766 πάντῃ
1190 1700 1548 1766 λυπηθεῖσαν
1578 1698 1813 1765 ἐπιβου-

109 1781 305 1832 λεῦσαι
331 1778 654 1850 πρόχειρον,
678 1782 771 1835 καὶ
799 1779 900 1850 οὐχ
926 1780 1126 1851 ἥκιστα
1153 1785 1229 1852 τῷ
1256 1801 1315 1835 τε
1343 1785 1512 1851 θυμῷ
1532 1780 1625 1835 καὶ
1648 1784 1812 1849 ἔρωτι

39 1887 81 1920 20
109 1868 392 1933 περιμανῆ
437 1865 853 1934 τυγχανουσαν,
906 1870 1050 1934 ἔγνω
1091 1869 1399 1935 προλαβεῖν
1439 1866 1533 1919 καὶ
1571 1871 1811 1936 φθῆναι,

106 1951 174 2017 τῇ
211 1947 330 2002 κατ’
363 1951 582 2020 ἐκείνης
611 1951 884 2021 ἐπιβουλῇ
911 1956 1194 2022 σωτηρίαν
1222 1951 1393 2022 ἑαυτῇ
1421 1955 1810 2020 περιποιοῦσα.

107 2033 200 2085 καὶ
229 2037 652 2104 προσελθοῦσα,
691 2039 748 2089 τί
778 2040 954 2090 ταῦτα
982 2037 1024 2090 ὠ
1054 2035 1350 2101 δε’;σποινα
1392 2039 1572 2105 ἔλεγε
1615 2041 1671 2090 τί
1707 2057 1814 2105 μα-

106 2137 210 2187 την
249 2120 389 2187 ἔχεις
429 2119 491 2172 ἐν
531 2122 677 2191 αἰτία
713 2123 1093 2189 θεραπαινίδα
1132 2121 1235 2191 τὴν
1273 2121 1406 2190 σήν;
1451 2117 1554 2190 ἐγω
1593 2122 1695 2191 μέν
1723 2136 1811 2174 σοι

108 2203 249 2273 πρὸς
274 2203 336 2256 τὸ
365 2204 624 2274 βούλημα
651 2204 711 2259 τὸ
740 2207 846 2259 σὸν
872 2204 964 2259 ἀεί
984 2226 1043 2260 τε
1070 2205 1162 2259 καὶ
1201 2210 1310 2260 νῦν
1345 2204 1808 2276 ὑπηρετησάμην·

41 2310 83 2343 25
115 2291 167 2343 εἰ
191 2290 256 2343 δέ
277 2309 330 2342 τι
356 2293 470 2342 τῶν
495 2292 568 2360 μὴ
598 2288 737 2344 κατὰ
760 2293 993 2360 γνώμην
1032 2291 1357 2361 ἐκβέβηκεν,
1397 2293 1587 2346 ἐκεῖνα
1612 2292 1716 2359 μὲν
1742 2295 1807 2360 τῇ

105 2372 244 2445 τύχῃ
284 2379 590 2443 λογιστέον,
630 2375 845 2445 ἕτοιμος
883 2378 963 2446 δέ,
1005 2379 1055 2430 εἰ
1092 2377 1356 2443 κελεύεις,
1399 2378 1648 2429 ἐπινοεῖν
1684 2374 1810 2428 τινα

105 2461 221 2511 τῶν
259 2459 558 2527 παρόντων
596 2462 779 2515 λύσιν.
835 2461 871 2532 ἢ
912 2463 991 2530 δέ,
1031 2465 1124 2515 καὶ
1150 2465 1232 2525 τίς
1257 2458 1330 2516 ἂν
1358 2459 1638 2531 εὑρεθείη,
1678 2463 1810 2528 φιλ-

106 2545 262 2613 τοὶτη,
290 2546 416 2614 ἔφη,
453 2547 554 2599 τοῦ
579 2548 903 2616 δυναμένου
931 2551 1100 2600 λῦσαι
1127 2545 1193 2600 τὰ
1218 2550 1329 2600 νῦν
1357 2543 1617 2600 ἐκποδών
1642 2564 1802 2613 γεγο-

107 2631 297 2699 νότος,
337 2629 477 2700 κοέμὲ
515 2635 612 2700 τῆς
649 2630 784 2701 παρ’
826 2631 1027 2686 ἐλπίδα
1066 2635 1179 2686 τῶν
1218 2633 1563 2698 δικαζόντων
1603 2633 1806 2698 φιλαν-

35 2731 78 2771 30
105 2718 365 2785 θρωπίας
402 2713 728 2786 ἀνελούσης.
806 2718 857 2770 εἰ
890 2715 998 2785 γάρ
1040 2719 1307 2787 ἐβέβλητο
1345 2727 1462 2779 τοῖς
1500 2718 1710 2780 λίθοις,
1761 2714 1813 2764 εί

103 2797 213 2867 γὰρ
253 2797 526 2870 ἀνῄρητο,
578 2801 803 2864 πάντως
841 2796 912 2854 ἂν
949 2800 1116 2871 κάμοὶ
1155 2800 1562 2869 συνετεθνήκει
1599 2796 1664 2851 τοὶ
1703 2800 1807 2849 τοῦ

106 2886 358 2948 πάθους·
399 2880 459 2938 τό
486 2884 594 2954 γὰρ
623 2884 976 2940 ἀπελπισθὲν
1002 2885 1144 2951 ἅπαξ
1175 2887 1434 2957 ἐξῄρηται
1473 2889 1570 2951 τῆς
1604 2884 1803 2949 ψυχῆς,

1453 2971 1550 3037 ,2.
