1916 3132
178 87 276 140 166
899 90 1140 141 ΕΚΤΟΝ

173 226 374 295 λιπεόν,
403 225 530 279 ἀλλ’
559 226 784 296 άγαθόν
811 242 901 281 σοι
927 231 1157 297 φύλακα
1194 232 1287 283 καὶ
1313 233 1525 302 πατέρα
1550 233 1871 303 Καλάσιριυ

172 312 399 366 τουτονὶ
424 313 943 382 παρακαταστήσας.
1006 310 1039 382 ἡ
1068 314 1130 367 δὲ
1156 318 1463 384 Χαρίκλεια
1502 315 1602 371 τόν
1627 336 1687 370 τε
1713 321 1870 388 Κνή-

174 416 335 466 μωνα
374 396 438 449 ἐκ
475 399 705 450 πολλῶν
741 395 851 466 ἤδη
892 401 1299 466 συμβάλλουσα
1335 404 1437 453 τοῦ
1475 403 1868 466 Ναυσικλέους

174 481 267 535 ἐπὶ
305 479 367 533 τὸ
406 481 722 550 θυγάτριον
750 484 1095 551 ἐπτοημένου
1133 482 1284 569 (ρξυς
1306 483 1413 555 γὰρ
1440 484 1470 538 6
1497 487 1868 588 ε’ρωνμᾶ-

155 579 267 635 σαι
305 563 404 618 τὸν
442 562 552 617 ὑπὸ
590 585 705 618 των
743 571 883 621 ἴσων
917 571 1123 621 παθων
1160 572 1599 640 κεκρατημένον)
1638 571 1732 624 καὶ
1767 569 1870 624 τὸν
1898 591 1916 624 5

171 649 517 708 Ναυσικλέα
518 651 668 725 πρὸς
692 654 805 704 τῶν
831 649 931 706 ὑπ’
955 651 1131 706 αὐτοῦ
1158 652 1764 722 λεχθέντωνὶσυνεῖσα,
1792 676 1870 719 ως

172 731 394 805 άσμένῳ
430 739 650 803 γένοιτο
677 733 752 789 ὅὶν
787 736 850 789 τὸ
878 740 1048 807 κῆδος
1085 736 1179 791 καὶ
1216 739 1388 792 πάλαι
1414 743 1581 792 τοῦτο
1607 759 1869 810 πραγμα-

171 820 393 872 τεύεται
430 820 524 873 καὶ
549 819 648 873 τὸν
674 822 961 891 Κνήμωνα
989 822 1360 890 ἐμπορεύεται
1398 826 1666 887 ποικίλως
1697 825 1868 894 ἐφελ-

170 905 437 973 κόμενος,
465 907 558 957 καὶ
585 904 697 973 ἅμα
725 904 858 959 οὐδὲ
885 905 1135 975 εὐπρεπῆ
1156 907 1357 960 λοιπὸν
1376 911 1474 975 τῆς
1500 906 1638 961 ὁδοῦ
1664 927 1868 961 κοινω-

171 986 276 1042 νόυ
314 987 448 1043 οὐδὲ
496 987 826 1044 ἀνύποπτον
861 989 1147 1060 ἡγουμένη
1184 991 1285 1045 τὸν
1321 989 1654 1075 Κυήμωνα,;
1684 989 1759 1055 ὥς
1793 992 1864 1061 δή
1895 1013 1916 1047 κ

171 1087 261 1127 σοι
288 1077 478 1143 φίλον,
507 1076 614 1143 ἔφη
630 1116 645 1143 ,
681 1079 780 1144 τῆς
805 1076 908 1144 μὲν
936 1075 1027 1128 ἐπὶ
1054 1084 1172 1137 τοῖς
1196 1078 1687 1146 προυπηργμένοις
1711 1076 1865 1147 παρὰ

170 1160 276 1210 σοῦ
300 1167 561 1227 χρηστοῖς
587 1160 664 1222 εἰς
689 1158 832 1228 ἡμᾶς
857 1162 1086 1230 χάριτος
1111 1162 1598 1230 κεχρεωστημένης
1617 1159 1711 1214 καὶ
1729 1161 1862 1232 ὁμο-

170 1243 543 1313 λογουμένης,
585 1242 678 1296 ε’πὶ
716 1245 777 1297 δὲ
816 1254 932 1306 τοῖς
969 1248 1321 1313 λειπομένοις
1345 1243 1414 1299 οὐ
1441 1247 1663 1309 πάντως
1689 1246 1865 1300 ἐπού-

171 1339 271 1396 σης
296 1324 543 1397 ἀνάγκης
567 1325 635 1381 τὰ
660 1326 900 1399 ἡμέτερα
930 1330 1336 1399 έκφροντίζειν,
1373 1328 1505 1384 οὐδὲ
1546 1330 1866 1399 ἀλλοτρίαις

167 1415 366 1481 τύχαις
402 1413 497 1465 καὶ
535 1410 1397 1475 ἄκουτασυναποκινδυνεύειν.
1471 1413 1614 1470 ἄλλα
1650 1413 1722 1470 σύ
1759 1416 1864 1484 μὲν
1893 1435 1916 1469 ι

162 1495 405 1566 Ἀθήνας
430 1495 526 1559 τὰς
560 1495 661 1559 σας
698 1496 792 1550 καὶ
825 1499 987 1565 γένος
1022 1501 1116 1552 και
1143 1497 1303 1554 οἶκον
1329 1499 1427 1553 τὸν
1453 1499 1557 1555 σὸν
1582 1502 1861 1571 κομίσαιο,

169 1583 496 1634 Ναυσικλέα
533 1581 764 1635 τουτονὶ
800 1583 895 1635 καὶ
925 1580 1035 1655 τὴν
1075 1583 1148 1636 δι’
1185 1583 1362 1638 αὐτοῦ
1400 1589 1862 1654 παραπεσοῦσαν,

169 1664 245 1728 (ὃς
282 1665 420 1736 φῄς,
460 1666 754 1767 πρόφασιν
775 1656 1044 1735 μηδαμῶς
1070 1670 1501 1738 παρωσάμενος·
1543 1671 1651 1738 ἐγω
1680 1670 1742 1724 δὲ
1769 1670 1864 1723 καὶ

167 1742 481 1818 Καλάσιρις
515 1749 656 1819 πρὸς
693 1770 760 1803 τα
801 1754 1191 1817 συμπίπτοντα
1227 1753 1613 1823 μαχεσόμεθα,
1651 1753 1755 1816 ἕως
1788 1775 1862 1808 αν

168 1833 231 1888 τὸ
257 1836 413 1897 τέλος
437 1837 534 1903 τῆς
559 1834 773 1903 πλάνης
790 1832 1070 1915 1εὕρωμεν,
1104 1838 1155 1888 εἰ
1178 1838 1270 1889 καὶ
1306 1837 1633 1907 άνθρἾῐίπων
1667 1836 1861 1908 μηδεὶς
1889 1856 1916 1889 2⁴

170 1921 617 1990 συνεφάπτοιτο,
666 1916 1269 1989 θεούςσυυεμπόρους
1306 1924 1453 1990 ἔχειν
1491 1922 1862 1976 καταπιστεύ-

169 2023 341 2067 οντες.

109 2094 141 2145 8
273 2087 581 2157 ὑπολαβών
607 2089 668 2142 δε
707 2087 847 2157 πρὸς
882 2092 1058 2142 ταῦτα
1097 2088 1126 2142 6
1160 2094 1517 2170 Ναυσικλῆς,
1539 2096 1862 2165 Χαρικλεία

169 2175 299 2242 μέν,
348 2175 485 2241 ἔφη,
535 2173 659 2226 κατ’
697 2172 861 2242 εὐχὰς
898 2172 1140 2242 άποβαίη
1157 2213 1171 2242 ,
1221 2179 1315 2228 καὶ
1350 2168 1477 2228 θεοὶ
1516 2177 1861 2245 συνέμποροι

169 2256 310 2312 κατὰ
336 2256 440 2326 τὴν
466 2254 636 2326 αὐτῆς
661 2262 883 2326 αἴτησιν
907 2262 1185 2328 γίνοιντο,
1214 2260 1306 2312 καὶ
1333 2258 1465 2323 τοὺς
1490 2262 1733 2324 οἰκείους
1759 2280 1858 2314 κο-
1888 2275 1916 2308 ἳε

169 2345 402 2412 μίζοιτο,
443 2339 622 2415 οὕτως
650 2332 793 2394 οὖσα
817 2346 1052 2410 γενναία
1083 2344 1187 2413 μὲν
1212 2342 1275 2397 τὸ
1301 2341 1461 2413 λῆμαῗ
1476 2345 1679 2413 συνετὴ
1710 2346 1772 2398 δὲ
1797 2343 1861 2399 τὸ
1904 2394 1907 2396 ,

171 2426 451 2496 φρόνημα.
509 2422 581 2478 σύ
609 2426 670 2477 δὲ
706 2418 750 2478 ὦ
776 2427 1024 2496 Κνήμων
1057 2430 1220 2497 μήτε,
1258 2429 1310 2481 εἰ
1333 2431 1550 2497 Θίσβην
1577 2428 1682 2482 οὐκ
1707 2428 1862 2497 ἄγεις

173 2512 250 2573 εἰς
272 2508 370 2573 τὰς
381 2509 661 2614 Ἀθήνας,
688 2500 959 2580 ἄσχαλλεζ
988 2515 1082 2566 καὶ
1100 2518 1275 2567 ταῦτα
1299 2516 1444 2581 ἔχων
1462 2509 1737 2566 ὑπόδικον
1764 2512 1860 2582 ἐμὲ

170 2593 398 2649 τουτονὶ
422 2597 518 2663 τῆς
544 2593 661 2647 κατ’
696 2594 919 2695 ἐκείνην
945 2594 1198 2666 αρπαγῆς
1223 2600 1316 2650 καὶ
1340 2600 1437 2665 τῆς
1472 2598 1535 2650 ἐκ
1561 2618 1673 2652 των
1693 2597 1860 2667 Ἀθη-

170 2698 291 2731 νων
328 2675 690 2747 ὑπεξαγωγῆς
727 2678 779 2747 (6
810 2700 918 2748 γαρ
956 2683 1197 2754 ἔμπορος
1221 2680 1250 2753 6
1276 2680 1722 2756 Ναυκρατίτης“
1696 2702 1726 2735 ο
1740 2685 1916 2749 &ts-³¹

172 2766 325 2835 σβης
328 2757 585 2831 ἐραστῄς
585 2782 779 2830 ουτος
782 2765 935 2834 ἐγώ),
962 2766 1099 2835 μήτε
1123 2767 1325 2819 πενίαν
1351 2763 1580 2836 ὀδύρου,
1608 2765 1856 2835 πτωχεύ-

173 2861 296 2900 σειν
321 2849 401 2900 ἔτι
426 2846 832 2916 προσδοκήσας
873 2851 923 2902 εἰ
943 2851 1050 2919 γὰρ
1077 2850 1166 2903 σοὶ
1186 2854 1357 2920 φίλου
1377 2870 1452 2912 ως
1477 2851 1569 2903 καὶ
1597 2850 1720 2918 ἐμοὶ
1746 2869 1858 2920 φα-
1908 2915 1913 2919 .
