1916 3132
998 0 1001 1 ⁷
1030 0 1112 28 r(
1149 0 1238 17 W*
1270 0 1363 33 κγ’
1389 0 1552 32 ,yn-n,
1591 0 1733 30 τοκῆι(
1765 0 1916 64 0712„-

108 74 262 128 -38⁴
874 72 1156 122 LIBRIH'

146 214 282 266 quae
343 215 464 250 eum
527 197 859 251 adjuratione
914 217 1039 252 suae
1089 199 1278 253 salutis
1333 200 1559 270 ingratis
1613 202 1838 273 cogebat

146 271 312 340 effari,
350 272 575 340 perfecit
614 275 675 324 ut
712 272 889 325 uellet.

255 344 398 398 XXI.
475 345 557 399 Ac
589 347 665 399 sic
704 347 974 432 aggeratis
1013 348 1070 400 in
1109 348 1382 401 cumulum
1429 319 1708 420 stragulis&
1731 351 1833 421 [et]

144 419 363 473 effultus
410 421 825 490 suberectusque
871 423 930 475 in
967 422 1191 475 cubitum
1242 423 1322 492 [in
1360 423 1564 493 torum]
1602 425 1834 496 porrigit

145 493 419 546 dexteram
460 498 514 547 et
552 496 619 547 ad
663 496 835 548 instar
880 499 1152 549 oratorum
1199 497 1498 550 conformat
1547 499 1831 552 articulum
1855 521 1877 554 5

146 567 460 638 duobusque
500 570 700 622 infimis
731 570 996 623 conclusis
1029 571 1213 641 digitis
1246 575 1448 624 ceteros
1480 572 1685 627 eminus
1713 592 1833 642 por-

142 641 319 768 rigegzs
358 646 413 695 et
450 643 646 697 infesto
684 643 877 713 pollice
917 645 1198 715 subrigens
1234 645 1500 699 clementer
1539 647 1661 700 infit
1699 647 1832 701 The-

141 716 235 785 lyp
276 735 375 769 ron

255 790 522 861 ‘Pupillus
548 810 646 862 ego
671 791 859 846 Mileto
884 793 1154 862 profectus
1179 793 1247 845 ad
1270 794 1633 862 spectaculum
1651 793 1830 864 Olym-

143 864 347 935 picum,
395 885 515 919 cum
562 866 693 919 haec
732 867 894 919 etiam
943 867 1062 920 loca
1099 867 1406 936 prouinciae
1445 868 1829 939 famigerabilis
1854 891 1899 924 ιο

142 939 287 992 adire
319 958 582 1009 cuperem,
612 944 894 1011 peragrata
925 944 1116 994 cuncta
1138 941 1415 994 Thessalia
1443 942 1608 995 fuscis
1641 943 1830 997 auibus

140 1013 413 1066 Larissam
453 1015 663 1068 accessi.
749 1034 809 1068 ac
848 1015 975 1067 dum
1015 1015 1228 1085 singula
1265 1034 1566 1086 pererranS,
1612 1019 1830 1071 tenuato
1887 1046 1892 1051 ·

143 1088 430 1140 admodum
470 1089 691 1158 uiatico,
737 1089 1043 1158 paupertati
1090 1108 1237 1142 meae
1282 1089 1520 1143 fomenta
1558 1091 1831 1162 conquiro,

141 1162 420 1231 conspicor
465 1163 641 1215 medio
680 1163 797 1216 foro
837 1182 1118 1232 procerum
1170 1164 1435 1233 quendam
1481 1183 1675 1218 senem.
1752 1166 1829 1219 in-

140 1236 365 1289 sistebat
402 1236 636 1306 lapidem
668 1237 914 1307 claraque
946 1256 1076 1291 uoce
1116 1238 1471 1308 praedicabat,
1511 1238 1654 1308 siqui
1691 1259 1828 1293 mor·
1852 1260 1895 1295 15

139 1314 294 1363 tuum
334 1329 546 1364 seruare
586 1311 764 1381 uellet,
804 1312 867 1364 de
906 1313 1079 1380 pretio
1118 1312 1380 1365 liceretur.
1451 1315 1504 1365 et
1543 1314 1610 1365 ad
1649 1332 1828 1383 quem·

138 1385 283 1454 piam
330 1386 785 1453 praetereuntium
832 1386 982 1455 ‘quid
1026 1386 1148 1439 hoc'
1202 1387 1421 1456 inquam
1468 1387 1827 1456 ‘comperior‘ss

139 1459 316 1512 hicine
354 1461 556 1512 mortui
594 1460 768 1513 solent
808 1460 1062 1531 aufugere
1075 1461 1123 1512 ‘?'

253 1532 429 1585 eTace'
475 1535 753 1603 respondit
799 1534 902 1587 ille.
981 1535 1123 1587 ‘nam
1170 1535 1366 1603 oppido
1413 1553 1546 1604 puer
1593 1539 1646 1588 et
1696 1536 1827 1588 satis

137 1607 451 1677 peregrinus
499 1627 554 1660 es
601 1609 898 1677 meritoque
937 1609 1153 1678 ignoras
1198 1608 1503 1661 Thessaliae
1558 1612 1610 1662 te
1658 1610 1826 1663 consi-
1849 1631 1895 1664 20

138 1684 294 1749 stere,
325 1681 419 1733 ubi
451 1699 608 1751 sagae
632 1682 882 1735 mulieres
907 1702 1000 1735 ora
1029 1686 1365 1736 mortuorum
1394 1683 1595 1752 passim
1627 1684 1828 1737 demor-

138 1724 335 1823 sitants
358 1773 523 1824 eaque
564 1759 689 1807 sunt
728 1756 835 1808 illis
876 1758 1004 1809 artis
1044 1758 1280 1853 magicae
1321 1757 1724 1826 supplementa?

250 1827 422 1881 XXII.
475 1828 673 1882 Contra
705 1847 802 1898 ego
844 1831 917 1882 et
956 1849 1106 1914 quae,
1145 1831 1225 1883 tu'
1264 1832 1483 1900 inquam
1524 1831 1628 1885 ‘dic
1658 1831 1827 1900 sodeS‚

140 1903 415 1981 custodela
438 1903 531 1955 illa
553 1903 790 1956 feralis?'
830 1904 956 1956 iam
978 1905 1233 1972 primum'
1265 1905 1540 1973 respondit
1570 1905 1708 1958 ille‘
1710 1923 1826 1988 per-

138 1967 347 2047 petem
370 1981 581 2030 noctem
636 1978 827 2030 eximie
881 1978 1214 2061 uigilandum
1269 1981 1350 2030 est
1399 1978 1596 2030 exertis
1651 1981 1704 2031 et
1749 1979 1826 2031 in-
1850 2000 1893 2034 25

141 2052 370 2104 coniuis-
372 2041 571 2105 oculis
626 2071 834 2136 semper
888 2052 943 2104 in
996 2052 1221 2105 cadauer
1270 2051 1491 2104 intentis
1540 2070 1636 2105 nec
1687 2053 1916 2106 aciesxu·

139 2144 367 2194 usquam
391 2126 726 2195 deuertenda‚
751 2126 914 2178 immo
938 2145 1004 2178 ne
1028 2109 1373 2194 obliquanda?
1374 2125 1605 2195 quidem,
1628 2126 1826 2196 quippe

142 2218 263 2252 cum
304 2200 617 2253 deterrimae
656 2200 967 2269 uersipelles
1007 2200 1062 2252 in
1095 2200 1322 2269 quoduis
1355 2200 1554 2252 animal
1585 2218 1674 2253 ore
1705 2219 1825 2254 con·

260 2409 286 2448 3
320 2405 407 2464 [et]
438 2406 592 2450 seclus.
625 2406 702 2449 ΒΖ.
823 2410 851 2448 4
884 2403 1071 2449 effultus
1097 2404 1193 2448 Pet
1219 2405 1294 2448 ΒΖ.
1319 2405 1376 2458 cf.
1403 2404 1531 2470 Verq.
1551 2403 1665 2449 Aen.
1687 2409 1725 2449 7.
1745 2410 1823 2460 94;

142 2469 182 2509 8.
201 2468 309 2519 368;
350 2463 563 2508 Martial.
599 2469 639 2508 3.
659 2469 728 2509 82.
748 2469 772 2508 7
925 2463 1286 2518 suberectusque
1324 2462 1375 2506 in
1414 2462 1626 2507 cubitum
1660 2465 1826 2521 scripsi

141 2523 211 2582 [in
240 2523 415 2582 torum]
453 2524 615 2568 seclusi
653 2522 828 2567 effultis
859 2522 909 2566 in
941 2521 1152 2566 cubitum
1182 2521 1543 2594 suberectusque
1581 2522 1632 2566 in
1667 2524 1824 2567 torum

141 2584 240 2628 cdd.
444 2586 470 2625 6
518 2581 724 2626 eminens
771 2582 853 2638 qu
901 2583 973 2640 (m.
1022 2591 1060 2635 φ
1107 2595 1145 2625 c.
1193 2579 1431 2639 emin.g)
1491 2580 1746 2626 eminentes
1792 2583 1824 2626 ὃ

141 2647 181 2686 6.
202 2646 227 2685 7
257 2640 500 2698 porrigens
525 2658 560 2697 φ
591 2640 791 2698 porrigit
815 2643 945 2699 (corr.
968 2646 1021 2685 ut
1043 2641 1139 2685 uid.
1164 2654 1220 2684 ex
1240 2640 1467 2698 porriget)
1499 2640 1574 2684 Fa
1657 2644 1683 2684 7
1714 2640 1822 2684 sub-

140 2701 297 2758 rigens
322 2701 483 2757 Fq23g
514 2700 758 2745 subridens
789 2701 841 2744 E.
962 2699 1214 2744 clementer
1243 2699 1348 2743 infit
1377 2701 1542 2756 scripsi
1571 2701 1628 2755 cf.
1654 2704 1821 2755 93.12;

144 2764 317 2805 116.13
341 2766 384 2805 et
406 2763 475 2804 80.
495 2764 551 2803 22
584 2759 837 2804 clementer
861 2758 1104 2816 subrigens
1128 2758 1224 2814 qu.
1257 2758 1331 2803 De
1353 2764 1443 2804 toto
1468 2760 1560 2803 loco
1591 2759 1648 2813 cf.
1667 2758 1820 2816 Laeti.

139 2834 183 2875 p.
201 2823 303 2876 451,
340 2819 534 2878 Quintil.
555 2823 624 2863 11.
638 2823 678 2862 3.
695 2823 771 2875 98,
806 2819 1016 2877 Fulyent.
1042 2818 1169 2875 Very.
1197 2817 1374 2862 C'o‘ntiw
1401 2832 1449 2874 p.
1478 2821 1561 2860 143
1594 2817 1820 2875 (Mwnclc.)

140 2877 351 2923 thlesron
382 2878 463 2934 qu
502 2877 673 2922 theliro
707 2879 736 2921 ὃ
828 2883 897 2957 21.
917 2883 972 2922 22
1014 2876 1327 2921 demorsicant
1359 2878 1389 2921 ὃ
1425 2877 1484 2931 cf.
1510 2881 1580 2921 24.
1601 2882 1646 2932 13
1673 2880 1742 2920 53.
1762 2880 1818 2920 20
1911 2923 1913 2925 ,
