1916 3132
806 127 1106 177 ΠΡΩΤΟΝ
1746 125 1809 178 13

109 281 225 335 τοῖς
250 267 619 335 ἀτοπωτέροις
643 268 808 319 τοῦτο
840 265 1024 318 ἐκεῖνο
1053 267 1320 334 λαμπρῶς
1350 263 1639 334 ἐρωμένην
1672 262 1812 317 ἀπο-

111 357 412 426 φαίνουσα.

211 437 367 500 τέλος
414 437 474 490 δὲ
521 437 741 504 γίνεταί
773 454 825 488 τι
864 437 1135 487 τοιοῦτον.
1214 437 1647 504 Παναθηναίων
1694 437 1808 486 τῶν
1832 433 1898 485 10

104 523 366 592 μεγάλων
401 519 711 590 ἀγομένων,
753 519 845 572 ὅτε
872 521 976 589 τὴν
1001 523 1148 571 ναῦν
1183 516 1473 588 Ἀθηναῖοι
1502 516 1594 573 ἐπὶ
1619 521 1721 587 γῆς
1745 521 1814 588 τῇ

57 628 78 662 ε
101 605 311 677 Ἀθηνᾷ
350 604 684 675 πέμπουσιν,
727 602 1041 672 ἐτύγχανον
1078 604 1183 672 μὲν
1223 602 1541 673 ἐφηβεύων,
1585 601 1725 674 ᾄσας
1751 602 1813 655 δὲ

103 693 206 748 τὸν
244 690 488 744 εἰωθότα
527 693 739 742 παιᾶνα
777 692 846 758 τῇ
884 692 1002 759 θεῷ
1040 690 1133 741 καὶ
1171 687 1238 742 τά
1265 690 1642 758 νενομισμένα
1669 707 1812 754 προ-

104 776 449 848 πομπεύσας,
489 773 564 837 ὠς
603 769 754 843 εἶχον
793 775 1010 842 στολῆς,
1053 771 1196 842 αὐτῇ
1232 772 1474 842 χλαμύδι
1502 771 1595 827 καὶ
1622 770 1814 835 αὐτοῖς

105 862 407 933 στεφάνοις
446 862 677 928 ἔρχομαι
715 859 906 911 οἴκαδε
946 854 1019 920 ως
1057 857 1320 927 ἐμαυτόν.
1374 855 1410 927 ἣ
1437 859 1498 911 δὲ
1528 857 1721 927 ἐπειδὴ
1751 863 1813 910 τὸ

105 950 331 1018 πρῶτον
370 940 539 1011 εἶδεν,
580 943 976 1013 ἐκτὸςὲαυτῆς
1013 947 1256 1012 γίνεται,
1299 944 1391 995 καὶ
1431 942 1565 996 οὐδὲ
1607 943 1805 1011 ἐσοφί-

41 1051 79 1086 to
109 1047 308 1087 στευεν
347 1033 425 1083 ἔτι
464 1027 563 1082 τὸν
602 1031 797 1097 ἔρωτα,
839 1026 964 1080 ἀλλ’
995 1027 1104 1081 ἀπὸ
1142 1032 1359 1097 γυμνῆς
1385 1030 1482 1096 τῆς
1510 1026 1815 1096 ἐπιθυμίας

105 1117 468 1184 προσέτρεχε,
523 1112 618 1166 καὶ
669 1115 1055 1183 περιβαλοῦσα
1072 1110 1141 1175 ,ὁ
1198 1113 1323 1175 νέος
1371 1110 1725 1179 Ἱππόλυτος,
1782 1108 1812 1164 6

108 1198 329 1270 Θησεύς
354 1195 383 1253 ὁ
411 1189 738 1267 ἐμὸς”’ἐ’λεγε.
779 1200 904 1250 τίνα
931 1217 998 1267 με
1026 1202 1215 1251 οἴεσθε
1242 1202 1604 1267 γεγενῆσθαι,
1634 1194 1694 1259 ὃς
1721 1196 1813 1248 καὶ

106 1290 215 1340 νῦν
255 1284 508 1354 ἐρυθριῶ
546 1279 941 1351 διηγούμενος;
992 1280 1115 1335 ἀλλ’
1158 1282 1396 1350 ἑσπέρας
1441 1282 1745 1350 γενομένης
1783 1278 1812 1333 ὁ

105 1371 209 1442 μὲν
248 1365 430 1438 πατὴρ
472 1368 549 1428 εἰς
586 1366 648 1420 τὸ
687 1376 1031 1434 πρυτανεῖον
1081 1369 1343 1435 ἐσιτεῖτο,
1394 1369 1488 1420 καὶ
1526 1363 1601 1428 ὥς
1639 1360 1710 1419 ἂν
1750 1366 1814 1419 ἐν

37 1474 76 1508 15
106 1456 337 1524 τοιαύτῃ
376 1453 690 1520 πανηγύρει
730 1452 822 1503 καὶ
861 1451 1012 1521 πότῳ
1060 1451 1333 1523 πανδήμῳ
1372 1452 1466 1504 καὶ
1514 1453 1813 1504 διανυκτε-

108 1539 297 1609 ρεύειν
336 1540 593 1605 ἔμελλεν·
633 1532 671 1604 ἢ
710 1537 770 1588 δὲ
812 1538 1126 1604 ἐπιγίνεταί
1145 1557 1238 1608 μοι
1265 1539 1491 1606 νυκτός,
1533 1537 1628 1589 καὶ
1656 1536 1811 1589 ἐπει-

109 1625 246 1694 ρᾶτό
270 1641 436 1695 βτινος
473 1623 588 1694 τῶν
626 1616 916 1697 ἀθεμίτων
954 1622 1272 1695 τυγχάνειν.
1325 1618 1400 1683 ὣς
1438 1622 1498 1676 δὲ
1535 1623 1815 1683 παντοίως

107 1707 364 1776 ἀντεῖχον
403 1702 495 1758 καὶ
531 1703 672 1774 πρὸς
707 1705 895 1759 πᾶσαν
920 1711 1237 1774 θεραπείαν
1265 1706 1358 1759 καὶ
1383 1703 1694 1775 ὑπόσχεσιν
1722 1703 1813 1757 καὶ

108 1790 347 1861 ἀπειλὴν
394 1787 789 1859 ἀπεμαχόμην,
838 1790 988 1860 βαρύ
1027 1811 1077 1844 τι
1115 1790 1214 1845 καὶ
1250 1792 1462 1861 βύθιον
1491 1789 1813 1854 στενάξασα

37 1895 80 1929 20
109 1876 354 1933 ἀπιοῦσα
402 1873 591 1967 (ἔχετο.
669 1876 762 1928 καὶ
806 1875 989 1945 μόνην
1038 1875 1069 1945 ἡ
1121 1865 1472 1946 παλαμναίαλ
1493 1877 1598 1947 τὴν
1636 1875 1813 1929 νύκτα

68 2022 71 2024 ,
109 1959 464 2030 ῦπερθεμένη
492 1963 569 2012 τῶ
578 1980 608 2012 ν
636 1959 958 2029 ἐπιβουλῶν
983 1965 1099 2014 τῶν
1127 1963 1205 2024 εἰς
1233 1963 1329 2029 ἐμὲ
1356 1964 1677 2032 κατήρχετο.
1721 1960 1812 2014 καὶ

107 2049 333 2117 πρῶτον
371 2044 474 2113 μὲν
507 2041 642 2097 οὐδὲ
670 2045 931 2115 διανέστη
959 2046 1083 2100 τότε
1109 2051 1206 2116 τῆς
1232 2046 1420 2116 εὐνῆς,
1462 2046 1584 2100 ἀλλ’
1616 2045 1814 2116 ἥκοντι

107 2136 184 2203 τῷ
215 2132 402 2199 πατρί,
431 2130 522 2181 καὶ
552 2132 611 2181 τί
633 2131 798 2182 τοῦτο
825 2133 1261 2203 πυνθανομένῳ,
1288 2114 1634 2201 μαλακῶςῦτε
1668 2134 1814 2200 ἔχειν

112 2196 560 2284 ἐσκήπτετοῩκαὶ
608 2211 741 2267 οὐδὲ
789 2212 1132 2283 ἀπεκρίνατο
1171 2214 1275 2285 τήν
1315 2217 1562 2286 πρώτην.
1640 2214 1714 2279 ὥς
1752 2219 1812 2270 δὲ

39 2318 82 2351 2⁵
115 2302 378 2368 ἐνέκειτο,
419 2298 514 2350 καὶ
551 2299 608 2349 τί
641 2299 923 2353 πεπόνθοι
963 2302 1232 2364 πολλάκις
1270 2300 1555 2371 ἀνηρώτα,
1596 2299 1624 2356 ὁ
1665 2310 1813 2354 θαυ-

110 2386 335 2455 μαστός,
373 2384 530 2452 φησί,
567 2382 660 2435 καὶ
696 2384 771 2444 εἰς
800 2385 895 2453 ἐμὲ
918 2390 1164 2455 νεανίας,
1203 2384 1232 2441 6
1262 2385 1451 2450 κοινὸς
1476 2385 1637 2457 ἡμῶν
1665 2396 1811 2453 παῖς,

111 2469 179 2525 ὃν
207 2467 316 2539 ἐγώ
342 2469 514 2521 πλέον
550 2467 645 2519 καὶ
672 2470 779 2520 σοῦ
805 2473 1074 2533 πολλάκις
1100 2471 1363 2542 ἠγάπησα
1391 2471 1505 2540 (καὶ
1533 2472 1814 2541 μάρτυρες

111 2556 170 2610 οἱ
189 2556 368 2623 θεοί),
396 2549 557 2605 κύειν
583 2570 652 2618 με
678 2554 820 2621 πρὸς
846 2559 1020 2608 τινῶν
1047 2556 1400 2626 αἰσθόμενος,
1429 2555 1461 2609 ὂ
1486 2557 1556 2626 δή
1589 2572 1650 2609 σε
1680 2557 1813 2618 τέως

113 2642 395 2709 ἔκρυπτον
423 2635 524 2698 ἕως
550 2632 623 2690 ἀν
647 2636 711 2691 τὸ
737 2637 984 2708 ἀσφαλὲς
1011 2645 1227 2711 γνοίην,
1266 2644 1371 2711 τὴν
1400 2639 1506 2710 σήν
1532 2639 1813 2695 ἀπουσίαν

41 2738 91 2787 301
116 2721 480 2792 ἐπιτηρήσας,
529 2726 703 2775 ταῦτα
750 2723 818 2794 δή
870 2726 937 2780 τὰ
983 2727 1223 2780 εἰωθότα
1271 2730 1664 2795 παραινοῦσαν
1722 2725 1811 2777 καὶ

113 2816 434 2877 σωφρονεῖν
461 2812 1011 2880 παρακελευομένην,
1051 2813 1188 2880 μηδὲ
1227 2813 1368 2879 πρὸς
1394 2811 1636 2877 ἑταίραις
1663 2810 1812 2876 ἕχδῑν

111 2890 211 2947 τὸν
236 2895 379 2946 νοῦν
405 2885 499 2950 καὶ
524 2892 727 2960 μέθαις
749 2892 840 2963 (οὐ
867 2895 972 2964 γάρ
999 2916 1066 2964 με
1095 2899 1419 2951 ἐλάνθανεν
1446 2892 1622 2955 οὕτως
1648 2894 1810 2961 ἔχων,
