1916 3132
179 93 275 146 140
831 98 1199 146 ΠΕΜΠΤΟΝ

170 232 347 297 ξένοις
372 222 503 287 οὖσι
529 235 879 303 καταγωγήν.
940 232 1083 287 ἀλλὰ
1118 235 1211 288 καὶ
1238 233 1411 298 αὐτὸς
1436 238 1680 305 χαίροις,
1720 233 1859 290 ἄπε-
1883 259 1886 261 ’

170 320 429 384 κρίνατο,
469 319 562 371 καὶ
597 321 811 388 μένοις,
853 319 903 371 εἰ
934 317 1193 387 βούλοιο,
1229 317 1362 386 παρ’
1390 318 1543 389 ἡμῖν,
1582 321 1634 373 εί
1665 321 1741 390 μή
1778 338 1862 384 τις

170 402 470 470 τυγχάνοις
491 407 607 456 τῶν
632 382 1228 465 πολυκλίνουςκοῖκους
1264 403 1671 473 ἐπιζητούντων
1695 400 1730 473 ἢ
1753 410 1859 458 θε-

174 489 417 553 ραπείαν
455 489 534 550 εἰς
570 491 789 556 πλῆθος
816 487 1193 557 ἐπαγομένων.
1254 489 1392 555 ἐμοῦ
1419 489 1480 542 δὲ
1508 488 1763 550 εἰπόντος
1786 485 1871 552 ὦς’

171 571 366 633 παῖδες
404 573 516 624 εἰσί
546 592 639 641 μοι
679 572 811 640 δύο,
852 573 945 625 καὶ
983 574 1166 638 τρίτος
1193 571 1330 640 ἐγώ,
1371 573 1582 642 χάριεν,
1623 574 1758 642 ἔφη,
1797 570 1860 626 τὸ
1889 594 1910 627 5

171 654 514 725 σύμμετρον
556 655 639 710 ἑνὶ
663 654 771 724 γὰρ
799 659 1026 718 πλείους
1050 653 1194 725 ἡμᾶς
1220 653 1501 725 εὑρήσετε.
1559 654 1727 725 κάμοὶ
1752 656 1859 727 γὰρ

171 740 366 802 παῖδες
395 739 540 793 εἰσὶν
562 742 640 792 ἔτι
664 739 768 793 δύο
801 729 1322 819 συσσιτοῦντεςᾼοί
1339 741 1772 811 προγενέστεροι
1797 741 1860 795 δὲ

130 823 474 892 -ςγήμαντεςῢ
491 830 652 877 οἴκου
691 816 974 927 ἄρχουσιῂ
1007 823 1099 878 καὶ
1146 826 1379 894 τετάρτη
1427 822 1637 894 τροφὸς
1672 824 1705 893 ἡ
1747 829 1861 878 τῶν

170 910 412 961 παίδων·
453 906 486 976 ἡ
523 907 630 977 γὰρ
667 912 846 979 μήτηρ
874 918 1063 971 αυτοῖς
1090 907 1157 961 ού
1185 907 1293 978 πρὸ
1321 913 1538 962 πολλοῦ
1563 909 1856 979 τέθνηκεν.

171 990 312 1045 ὥστε
338 983 382 1045 (5
409 994 585 1062 λῷστε
610 991 680 1062 μή
710 994 894 1061 μέλλε,
922 994 1060 1062 μηδὲ
1087 991 1406 1061 ἀμφίβαλλε
1441 991 1516 1056 ὥς
1541 993 1608 1046 ού
1633 999 1860 1063 χαίρον-
1889 1013 1916 1049 1«

171 1095 259 1138 τες
283 1075 674 1145 ὑποδεξάμεθα
702 1075 886 1143 ἄνδρα
913 1077 1006 1129 καὶ
1035 1077 1097 1129 ἐκ
1123 1078 1345 1147 πρώτης
1372 1078 1674 1142 ἐντεύξεως
1699 1075 1860 1147 εὐγέ-

170 1179 329 1214 νειαν
369 1161 732 1229 ἐμφαίνοντα.
794 1163 1068 1228 ἔπραττον
1094 1160 1285 1224 οὕτως.
1351 1160 1444 1214 καὶ
1469 1160 1587 1229 μετ’
1619 1160 1688 1216 οὐ
1714 1159 1861 1216 πολύ

170 1246 279 1298 σῦν
306 1249 381 1315 τῷ
411 1247 674 1315 Θεαγένει
702 1246 793 1297 καὶ
819 1248 888 1314 τῇ
913 1247 1220 1315 Χαρικλείᾳ
1253 1247 1506 1313 παρόντα
1532 1266 1598 1317 με
1623 1245 1862 1314 ἅσμενος

171 1327 199 1383 6
234 1329 527 1398 Τυρρηνὸς
552 1327 879 1397 ὑποδέχεται
895 1369 911 1397 ,
939 1332 1034 1381 καὶ
1053 1331 1219 1399 μέρος
1237 1328 1300 1382 τὸ
1318 1317 1860 1399 ἀλεεινότεροτῗᾶπε-

170 1413 384 1484 κλήρου
421 1417 517 1481 τῆς
555 1413 836 1482 οἰκήσεως.
900 1417 998 1466 καί
1020 1432 1136 1476 πως
1172 1412 1276 1467 οὐκ
1315 1412 1499 1484 ἀηδῶς
1533 1413 1636 1483 τήν
1674 1415 1858 1486 χειμέ-
1889 1437 1916 1470 ιε

173 1518 297 1567 ριον
324 1497 480 1565 ὤραν
505 1495 571 1550 τὰ
598 1501 789 1566 πρῶτα
811 1498 1140 1566 ὃιηνύομεν,
1168 1497 1235 1550 τὰ
1261 1500 1364 1568 μὲν
1389 1497 1530 1552 ἄλλα
1556 1502 1860 1570 συνδιημε-

173 1582 462 1651 ρεύοντες,
499 1581 857 1650 χωριζόμενοι
896 1583 957 1635 δὲ
994 1581 1087 1635 ὅτε
1123 1583 1430 1637 καθεύδειν
1468 1585 1610 1653 ἔδει,
1650 1582 1759 1637 σῦν
1793 1589 1862 1655 τῇ

169 1671 362 1736 τροφῷ
400 1666 502 1734 μὲν
537 1663 568 1733 ἡ
605 1668 940 1733 Χαρίκλεια,
982 1665 1091 1733 ἐγω
1132 1667 1192 1720 δὲ
1227 1668 1340 1737 ἰδίᾳ
1366 1666 1459 1720 καὶ
1487 1669 1792 1738 Θεαγένης,
1832 1665 1862 1722 6

178 1749 473 1819 Τυρρηνὸς
499 1750 560 1801 δὲ
595 1748 704 1801 σὺν
738 1758 854 1811 τοῖς
890 1748 1065 1802 αὐτοῦ
1103 1750 1260 1802 παισὶ
1287 1750 1422 1804 καθ’
1449 1752 1642 1821 ἕτερον
1668 1752 1859 1822 δωμά-

170 1854 292 1888 τιον
320 1833 755 1901 αναπαυόμενοι.
812 1831 845 1901 ἡ
885 1834 1123 1901 τραπεζα
1162 1835 1223 1885 δὲ
1261 1831 1393 1902 ἡμῖν
1430 1837 1590 1906 κοινὴ
1626 1838 1860 1904 προυτί-
1890 1857 1916 1890 2«

171 1925 335 1987 θετο,
363 1939 429 1970 τα
455 1919 557 1986 μὲν
584 1915 724 2018 ἄλλα
750 1914 908 1986 ἡμων
935 1917 1315 1984 παρεχόντων,
1342 1922 1443 1981 τοῦ
1479 1923 1778 1996 Τυρρηνοῦ
1799 1921 1861 1973 δὲ

1403 2062 1480 2083 ....

170 2170 272 2240 τὴν
322 2171 532 2238 σχολὴν
580 2171 986 2238 διατιθεμένων
1043 2172 1135 2222 καὶ
1192 2173 1710 2238 συνεφαπτομένων
1765 2174 1860 2242 τῆς

171 2252 370 2322 ἄγρας,
409 2249 482 2321 ἤν
520 2256 782 2322 ποικίλην
807 2273 866 2306 τε
903 2254 994 2306 καὶ
1023 2252 1161 2319 πρὸς
1187 2257 1376 2305 πᾶσαν
1402 2252 1556 2322 ω’ραν
1583 2254 1858 2324 ἁρμόδιον
1886 2275 1916 2308 22

173 2339 457 2407 ἐξήσκητο.
546 2338 638 2389 καὶ
675 2340 747 2406 ἠν
787 2336 1028 2406 εύβολόν
1066 2357 1117 2389 τι
1155 2342 1338 2405 χρῆμα
1376 2338 1469 2389 καὶ
1507 2338 1855 2408 πολύθηρον,

172 2421 312 2475 ω’στε
338 2419 430 2475 καὶ
469 2420 528 2473 οὗ
546 2423 746 2474 πολλοὶ
782 2441 886 2490 την
923 2422 1216 2514 ἐμπειρίαν
1243 2419 1393 2491 αὐτῷ
1429 2424 1525 2506 τῇς
1561 2424 1755 2491 τέχνης
1782 2425 1859 2484 εἰς

172 2505 464 2575 εὐμένειαν
482 2508 666 2606 τύχης
701 2508 1039 2573 προσῆπτον.

277 2588 399 2642 αλλ’
430 2587 498 2643 οὐ
533 2610 640 2657 γαρ
667 2592 758 2657 η’ν,
799 2592 965 2658 φασί,
1005 2608 1135 2651 τους
1162 2589 1578 2655 δυστυχοῦντας
1614 2589 1687 2660 μὴ
1725 2587 1853 2660 οὐχὶ

171 2678 458 2742 πανταχοῦ
485 2675 801 2740 δυστυχεῖν.
857 2670 990 2725 οὐδὲ
1027 2672 1117 2725 ἐπὶ
1152 2676 1248 2741 τῆς
1284 2673 1513 2741 ἐρημιας
1548 2673 1916 2744 ανενόχλη-εε

93 2761 154 2812 19
169 2778 269 2812 τον
297 2755 444 2826 εἶχεν
469 2756 501 2827 ἡ
528 2760 833 2825 Χαρίκλεια
873 2754 934 2809 τό
973 2758 1201 2819 καλλος·
1243 2756 1370 2809 ἄλλ’
1400 2756 1428 2808 6
1462 2758 1668 2826 Τύριος
1705 2759 1854 2812 ἐκεῖ-

173 2863 270 2906 νος
296 2845 534 2912 ἔμπορος
560 2838 587 2893 6
623 2833 990 2909 πυθιονίκης,
1030 2832 1074 2911 ᾦ
1105 2840 1584 2911 συνεπλεύσαμεν,
1624 2843 1738 2912 ἰδία
1762 2861 1856 2911 μοι
