1916 3132
118 117 185 170 76
770 120 863 166 ΔΕ
872 118 1146 166 ΥΤΕΡΟΝ

110 256 183 332 ,ἐκ
209 258 470 326 Πηλέως,
509 252 569 318 ρς
595 256 688 309 καὶ
710 254 951 324 Ἀχιλλεῖ
971 255 1453 324 συνεστράτευσεν
1482 256 1546 310 ἐν
1571 254 1814 324 πρώτοις

120 338 213 394 ἐπὶ
252 338 488 408 Ἴλιον,
498 320 592 393 καὶ
638 343 733 409 τῆς
780 339 1003 408 πρώτης
1039 343 1154 392 τῶν
1190 342 1579 411 Μυρμιδόνων
1618 338 1711 394 διὰ
1749 336 1812 392 τὸ

119 426 389 494 συγγενὲς
415 426 613 494 ἐξῆρχε
637 427 852 493 μοί.ρας
893 428 969 494 τῷ
999 425 1060 477 δὲ
1081 420 1320 495 Ἀχιλλεῖ
1340 427 1627 480 πάντοθεν
1653 442 1815 494 περι-

120 510 424 579 φυόμενος,
452 507 546 562 καὶ
572 509 931 577 πανταχόθεν
957 507 1132 563 αὐτὸν
1150 521 1266 574 τοῖς
1281 512 1546 564 Αἰνιᾶσιν
1567 507 1814 562 οἰκειού-

119 613 314 662 μενος,
354 591 657 662 τεκμήριον
695 595 971 662 λαμβάνει
1008 593 1149 663 πρὸς
1173 605 1290 658 τοῖς
1315 594 1506 657 ἄλλοις
1531 587 1613 656 οἷς
1636 612 1813 646 κατα-
1841 611 1864 643 5

120 680 270 746 λέγει
309 676 402 730 καὶ
439 675 539 730 τὸν
567 674 875 746 ἐναγισμὸν
904 675 1004 731 τὸν
1031 680 1407 750 Νεοπτολέμῳ
1434 678 1814 748 πεμπόμενον,

124 756 194 816 οὗ
218 764 568 830 σύμπαντες,
597 782 669 824 ως
696 764 889 831 φησίν,
917 764 1184 817 Αἰνιᾶσιν
1213 764 1565 832 ἐξεχώρησαν
1594 767 1815 816 Θεσσα-

118 850 229 916 λοί,
269 844 330 900 τὸ
362 847 684 948 ἐγγυτέροις
710 843 854 899 εἶναι
879 851 981 900 τοῦ
1005 850 1206 916 γένους
1230 849 1816 947 προσμαρτυροῦντες

121 933 360 994 ἐκείνοις
385 931 488 999 μὲν
516 930 622 983 οὐν
649 929 835 993 ούδεις
860 932 1109 1001 φθόνος,
1146 936 1308 1002 ἔφην,
1346 932 1388 986 ὦ
1416 934 1743 998 Χαρίκλεις,
1778 950 1813 998 η

117 1019 443 1085 χαρίζεσθαι
480 1018 672 1083 ταῦτα,
711 1010 749 1083 ἠ
786 1017 879 1069 καὶ
918 1017 1292 1086 ἐπαληθεύειν
1332 1016 1573 1078 ἑαυτοῖς
1611 1014 1712 1068 τὸν
1750 1014 1812 1068 δε
1844 1035 1885 1069 ιο

119 1100 472 1170 ἀρχιθέωρον
511 1101 894 1153 εἰσκαλεῖσθαι
931 1102 1264 1171 πρόσταξον,
1315 1099 1390 1163 ὥς
1427 1103 1602 1168 ἔγωγε
1638 1096 1815 1152 αὐτοῦ

119 1188 366 1254 μανικῶς
404 1180 790 1253 ἀνεπτέρωμαι
827 1183 967 1254 πρὸς
1003 1184 1107 1255 τὴν
1143 1188 1306 1240 θέαν.

34 1271 104 1324 35
232 1271 539 1324 ἐπένευσεν
577 1266 606 1321 ὁ
643 1273 955 1339 Χαρικλῆς,
995 1272 1089 1323 καὶ
1128 1272 1394 1339 εἰσῆλθεν
1433 1267 1460 1321 ὁ
1499 1269 1813 1333 νεανίσκος,

115 1353 421 1423 Ἀχίλλειόν
445 1373 499 1406 τι
524 1356 600 1424 τῷ
628 1351 749 1407 ὄντι
785 1356 991 1421 πνέων,
1030 1356 1123 1407 καὶ
1148 1352 1288 1422 πρὸς
1311 1353 1533 1407 ἐκεῖνον
1558 1350 1620 1405 τὸ
1645 1353 1816 1421 βλέμ-

120 1460 196 1508 μα
234 1436 329 1492 καὶ
366 1437 428 1490 τὸ
468 1437 733 1507 φρόνημα
771 1436 1096 1508 ἀναφέρων,
1137 1437 1309 1506 ὀρθὸς
1333 1435 1432 1491 τὸν
1459 1435 1683 1505 αὐχένα,
1722 1435 1815 1488 καὶ
1847 1458 1888 1490 15

123 1522 231 1577 ἀπὸ
269 1527 371 1576 τοῦ
409 1522 672 1591 μετώπου
710 1520 814 1591 τὴν
851 1523 1032 1593 κόμην
1071 1524 1165 1576 καὶ
1190 1521 1331 1591 πρὸς
1355 1521 1416 1576 τὸ
1445 1520 1649 1587 ὄρθιον
1674 1518 1816 1574 ἀνα-

0 1611 95 1669 »ψ
122 1611 395 1677 χαιτίζων.
453 1604 487 1675 ἡ
518 1606 603 1676 ῥὶς
631 1606 695 1659 ἐν
715 1608 1044 1678 ἐπαγγελία
1052 1611 1324 1677 fiystmgL
1315 1609 1428 1678 καὶ
1429 1607 1818 1678 οζμυκτῆρες

60 1692 485 1764 ελευθερως
468 1689 569 1764 τὸν
595 1689 744 1765 ἀέρα
755 1691 1128 1767 εἰσπν-έοντες.
1189 1691 1484 1761 ὀφθαλμὸς
1519 1688 1677 1742 οὔπω
1712 1687 1816 1758 μὲν

119 1777 393 1880 χαροπός,
441 1776 840 1844 χαροπωτερον
890 1776 951 1828 δὲ
997 1774 1422 1845 μελαινόμενος,
1473 1771 1720 1843 σοβαρόν
1757 1790 1817 1825 τε

120 1862 235 1930 άμα
284 1861 378 1913 καὶ
426 1856 528 1912 οὐκ
576 1856 886 1927 ἀνέραστον
922 1859 1166 1927 βλέπων,
1217 1863 1340 1912 οἱον
1376 1859 1668 1926 θαλάσσης
1704 1853 1814 1910 ἀπὸ
1843 1877 1886 1911 20

123 1946 368 2015 κύματος
407 1945 485 2006 εἰς
519 1943 771 2012 γαλήνην
810 1941 936 2011 ἄρτι
974 1946 1349 2012 λεαινομένης.
1417 1942 1537 1996 ἐπεὶ
1575 1942 1638 1995 δὲ
1672 1937 1816 2010 ἡμᾶς

122 2028 190 2083 τά
217 2028 459 2082 εἰωθότα
483 2025 777 2097 η’σπάσατο
805 2028 898 2079 καὶ
923 2030 1036 2079 τῶν
1062 2024 1368 2095 ἀμοιβαίων
1404 2029 1620 2095 ἔτυχεν,
1659 2023 1816 2092 ὤραν

125 2111 272 2168 εἶναι
298 2117 399 2167 τοῦ
425 2111 530 2182 τὴν
555 2115 771 2165 θυσίαν
795 2114 872 2182 τῷ
901 2116 1019 2181 θεῷ
1046 2112 1355 2180 προσάγειν
1383 2113 1593 2179 ἔλεγεν,
1633 2106 1706 2172 ὥς
1740 2107 1815 2162 ἄν

124 2199 219 2252 καὶ
243 2195 344 2251 τὸν
373 2195 681 2264 ἐναγισμὸν
718 2200 793 2267 τῷ
832 2194 973 2265 ἥρωι
1011 2197 1105 2248 καὶ
1143 2195 1247 2265 τὴν
1287 2193 1377 2248 ἐπ’
1405 2188 1558 2264 αύτῷ
1585 2191 1815 2263 πομπήν

125 2280 267 2336 κατὰ
306 2281 508 2350 καιρὸν
547 2282 611 2335 ἐν
650 2282 933 2350 δευτέροις
972 2282 1249 2334 ἐπιτελεῖν
1288 2280 1588 2347 ἐγγένοιτο.
1661 2278 1816 2345 γινέ-
1845 2297 1916 2338 25,

121 2374 266 2437 σθω,
295 2370 403 2436 ἔφη
431 2363 460 2421 ὁ
488 2370 790 2435 Χαρικλῆς.
843 2364 937 2417 καὶ
963 2363 1348 2432 ἀνιστάμενος,
1376 2361 1518 2430 ὄψει,
1546 2363 1652 2430 ἔφη
1678 2360 1818 2429 πρός

121 2473 208 2521 με,
244 2452 338 2505 καὶ
363 2448 469 2519 τὴν
495 2453 839 2517 Χαρίκλειαν
864 2449 1129 2518 τήμερον,
1168 2450 1220 2502 εἰ
1242 2444 1313 2516 μὴ
1342 2446 1618 2514 πρότερον
1645 2440 1812 2506 εἶδες·

123 2545 505 2606 συμπαρεῖναι
551 2532 660 2603 γὰρ
710 2536 803 2586 καὶ
840 2533 945 2603 τὴν
983 2534 1220 2602 ζάκορον
1258 2535 1357 2599 τῆς
1398 2528 1711 2599 Ἀρτέμιδος
1745 2531 1814 2599 τῇ

122 2624 317 2690 πομπῇ
356 2619 450 2672 καὶ
488 2628 605 2681 τοῖς
643 2620 965 2686 ἐναγισμοῖς
1000 2621 1102 2670 τοῦ
1128 2617 1528 2684 Νεοπτολέμου
1559 2612 1812 2683 πάτριον.

123 2703 246 2775 ἐμοὶ
274 2704 336 2758 δὲ
361 2701 394 2773 ἡ
421 2712 579 2771 παῖς,
618 2693 662 2754 ὦ
688 2702 957 2771 Κνήμων,
999 2701 1210 2770 ἑεόρατο
1235 2698 1344 2770 ἤδη
1382 2695 1680 2765 πολλάκις,
1719 2696 1813 2749 καὶ
1841 2713 1884 2749 30

121 2791 347 2843 θυσιῶν
385 2789 734 2856 συνεφῆπτο,
774 2787 866 2838 καὶ
905 2786 1088 2854 λόγων
1129 2786 1299 2852 ἱερῶν
1337 2788 1476 2836 εἴτι
1511 2800 1645 2834 ποτε
1672 2780 1813 2834 ἐπύ-

121 2880 276 2928 θετο.
347 2869 475 2925 ἀλλ’
506 2869 653 2940 ὅμως
693 2860 969 2939 ἐσιώπων,
1009 2868 1071 2923 τὸ
1109 2871 1315 2938 μέλλον
1353 2865 1812 2934 ἀπεκδεχόμενος.
