<?xml version="1.0" encoding="UTF-8"?>
<!DOCTYPE html PUBLIC "-//W3C//DTD XHTML 1.0 Transitional//EN"
    "http://www.w3.org/TR/xhtml1/DTD/xhtml1-transitional.dtd">
<html xmlns="http://www.w3.org/1999/xhtml" xml:lang="en" lang="en">
 <head>
  <title>
</title>
<meta http-equiv="Content-Type" content="text/html;charset=utf-8" />
  <meta name='ocr-system' content='tesseract 3.04.00' />
  <meta name='ocr-capabilities' content='ocr_page ocr_carea ocr_par ocr_line ocrx_word'/>
</head>
<body>
  <div class='ocr_page' id='page_1' title='image "./aethiopicorumlib00heliuoft_0347.png"; bbox 0 0 1916 3132; ppageno 0'>
   <div class='ocr_carea' id='block_1_1' title="bbox 0 2607 15 2675">
    <p class='ocr_par' dir='ltr' id='par_1_1' title="bbox 0 2607 15 2675">
     <span class='ocr_line' id='line_1_1' title="bbox 0 2607 15 2675; baseline 0 -40"><span class='ocrx_word' id='word_1_1' title='bbox 0 2607 15 2675; x_wconf 50' lang='grc' dir='ltr'>ἐἰ</span> 
     </span>
    </p>
   </div>
   <div class='ocr_carea' id='block_1_2' title="bbox 3 2751 13 2870">
    <p class='ocr_par' dir='ltr' id='par_1_2' title="bbox 3 2751 13 2870">
     <span class='ocr_line' id='line_1_2' title="bbox 3 2751 13 2788; baseline 0.2 -2"><span class='ocrx_word' id='word_1_2' title='bbox 3 2751 13 2788; x_wconf 65' lang='lat'>⁶3.</span> 
     </span>
     <span class='ocr_line' id='line_1_3' title="bbox 5 2845 13 2870; baseline 0 0"><span class='ocrx_word' id='word_1_3' title='bbox 5 2845 13 2870; x_wconf 63' lang='grc' dir='ltr'><em>Η</em></span> 
     </span>
    </p>
   </div>
   <div class='ocr_carea' id='block_1_3' title="bbox 796 159 1821 208">
    <p class='ocr_par' dir='ltr' id='par_1_3' title="bbox 796 159 1821 208">
     <span class='ocr_line' id='line_1_4' title="bbox 796 159 1821 208; baseline 0 -1"><span class='ocrx_word' id='word_1_4' title='bbox 796 159 1159 208; x_wconf 84' lang='lat' dir='ltr'><strong>PRAEFATIO.</strong></span> <span class='ocrx_word' id='word_1_5' title='bbox 1646 161 1821 207; x_wconf 90' lang='lat' dir='ltr'><strong>XVIIII</strong></span> 
     </span>
    </p>
   </div>
   <div class='ocr_carea' id='block_1_4' title="bbox 114 286 1818 1172">
    <p class='ocr_par' dir='ltr' id='par_1_4' title="bbox 114 286 1818 1172">
     <span class='ocr_line' id='line_1_5' title="bbox 122 286 1816 355; baseline -0.002 -15"><span class='ocrx_word' id='word_1_6' title='bbox 122 306 266 340; x_wconf 86' lang='lat' dir='ltr'>suam</span> <span class='ocrx_word' id='word_1_7' title='bbox 304 290 577 355; x_wconf 85' lang='lat' dir='ltr'>imaginem</span> <span class='ocrx_word' id='word_1_8' title='bbox 614 289 667 337; x_wconf 91' lang='lat' dir='ltr'>in</span> <span class='ocrx_word' id='word_1_9' title='bbox 707 287 737 338; x_wconf 84' lang='grc' dir='ltr'><em>δ</em></span> <span class='ocrx_word' id='word_1_10' title='bbox 773 288 1061 353; x_wconf 77' lang='lat' dir='ltr'>reliquisse,</span> <span class='ocrx_word' id='word_1_11' title='bbox 1102 286 1238 352; x_wconf 91' lang='lat' dir='ltr'>quod</span> <span class='ocrx_word' id='word_1_12' title='bbox 1274 286 1408 336; x_wconf 91' lang='lat' dir='ltr'>idem</span> <span class='ocrx_word' id='word_1_13' title='bbox 1448 286 1816 337; x_wconf 78' lang='lat' dir='ltr'>demonstrasse</span> 
     </span>
     <span class='ocr_line' id='line_1_6' title="bbox 120 356 1817 427; baseline -0.002 -13"><span class='ocrx_word' id='word_1_14' title='bbox 120 365 246 414; x_wconf 91' lang='lat' dir='ltr'>mihi</span> <span class='ocrx_word' id='word_1_15' title='bbox 283 365 462 414; x_wconf 90' lang='lat' dir='ltr'>uideor</span> <span class='ocrx_word' id='word_1_16' title='bbox 499 380 560 412; x_wconf 85' lang='lat' dir='ltr'>ex</span> <span class='ocrx_word' id='word_1_17' title='bbox 591 356 1009 427; x_wconf 74' lang='lat' dir='ltr'>supplementisl)</span> <span class='ocrx_word' id='word_1_18' title='bbox 1052 362 1236 411; x_wconf 92' lang='lat' dir='ltr'>codicis</span> <span class='ocrx_word' id='word_1_19' title='bbox 1269 361 1298 410; x_wconf 84' lang='grc' dir='ltr'><em>δ</em></span> <span class='ocrx_word' id='word_1_20' title='bbox 1332 362 1385 410; x_wconf 90' lang='grc'>111</span> <span class='ocrx_word' id='word_1_21' title='bbox 1416 361 1526 411; x_wconf 91' lang='grc'>1060</span> <span class='ocrx_word' id='word_1_22' title='bbox 1558 361 1649 411; x_wconf 91' lang='grc'>1110</span> <span class='ocrx_word' id='word_1_23' title='bbox 1681 362 1817 411; x_wconf 91' lang='lat' dir='ltr'>lacu-</span> 
     </span>
     <span class='ocr_line' id='line_1_7' title="bbox 119 435 1814 502; baseline -0.002 -14"><span class='ocrx_word' id='word_1_24' title='bbox 119 455 243 489; x_wconf 91' lang='lat' dir='ltr'>noso</span> <span class='ocrx_word' id='word_1_25' title='bbox 287 439 405 488; x_wconf 88' lang='lat' dir='ltr'>libri</span> <span class='ocrx_word' id='word_1_26' title='bbox 441 438 567 487; x_wconf 89' lang='lat' dir='ltr'><strong>VIII</strong></span> <span class='ocrx_word' id='word_1_27' title='bbox 613 437 917 501; x_wconf 85' lang='lat' dir='ltr'>comparatis</span> <span class='ocrx_word' id='word_1_28' title='bbox 966 453 1078 486; x_wconf 91' lang='lat' dir='ltr'>cum</span> <span class='ocrx_word' id='word_1_29' title='bbox 1124 436 1248 502; x_wconf 92' lang='grc'>11118,</span> <span class='ocrx_word' id='word_1_30' title='bbox 1297 435 1478 500; x_wconf 87' lang='lat' dir='ltr'>quibus</span> <span class='ocrx_word' id='word_1_31' title='bbox 1535 438 1814 486; x_wconf 88' lang='lat' dir='ltr'>ceterorum</span> 
     </span>
     <span class='ocr_line' id='line_1_8' title="bbox 119 504 1815 595; baseline -0.001 -33"><span class='ocrx_word' id='word_1_32' title='bbox 119 514 363 563; x_wconf 85' lang='lat' dir='ltr'>librorum</span> <span class='ocrx_word' id='word_1_33' title='bbox 402 513 613 562; x_wconf 88' lang='lat' dir='ltr'>lacunae</span> <span class='ocrx_word' id='word_1_34' title='bbox 653 512 892 575; x_wconf 74' lang='lat' dir='ltr'>impletae</span> <span class='ocrx_word' id='word_1_35' title='bbox 933 514 1066 575; x_wconf 87' lang='lat' dir='ltr'>sunt,</span> <span class='ocrx_word' id='word_1_36' title='bbox 1107 527 1237 595; x_wconf 82' lang='lat' dir='ltr'>quae</span> <span class='ocrx_word' id='word_1_37' title='bbox 1279 526 1450 560; x_wconf 91' lang='lat' dir='ltr'>omnes</span> <span class='ocrx_word' id='word_1_38' title='bbox 1491 511 1553 559; x_wconf 89' lang='lat' dir='ltr'>ab</span> <span class='ocrx_word' id='word_1_39' title='bbox 1594 504 1658 574; x_wconf 70' lang='grc' dir='ltr'>φ2</span> <span class='ocrx_word' id='word_1_40' title='bbox 1695 527 1815 575; x_wconf 91' lang='lat' dir='ltr'>pen-</span> 
     </span>
     <span class='ocr_line' id='line_1_9' title="bbox 120 585 1818 651; baseline -0.001 -15"><span class='ocrx_word' id='word_1_41' title='bbox 120 589 237 637; x_wconf 91' lang='lat' dir='ltr'>dere</span> <span class='ocrx_word' id='word_1_42' title='bbox 281 588 532 638; x_wconf 89' lang='lat' dir='ltr'>uidentur.</span> <span class='ocrx_word' id='word_1_43' title='bbox 602 586 977 651; x_wconf 78' lang='lat' dir='ltr'>Argumentum</span> <span class='ocrx_word' id='word_1_44' title='bbox 1030 585 1334 650; x_wconf 87' lang='lat' dir='ltr'>speciosum,</span> <span class='ocrx_word' id='word_1_45' title='bbox 1383 585 1517 648; x_wconf 90' lang='lat' dir='ltr'>quod</span> <span class='ocrx_word' id='word_1_46' title='bbox 1571 586 1818 635; x_wconf 87' lang='lat' dir='ltr'>attulerat</span> 
     </span>
     <span class='ocr_line' id='line_1_10' title="bbox 118 654 1817 728; baseline -0.001 -17"><span class='ocrx_word' id='word_1_47' title='bbox 118 662 453 712; x_wconf 82' lang='lat' dir='ltr'>Rossbachius</span> <span class='ocrx_word' id='word_1_48' title='bbox 465 654 530 728; x_wconf 78' lang='lat'>2),</span> <span class='ocrx_word' id='word_1_49' title='bbox 578 664 638 710; x_wconf 89' lang='lat' dir='ltr'>ut</span> <span class='ocrx_word' id='word_1_50' title='bbox 684 661 970 710; x_wconf 86' lang='lat' dir='ltr'>ostenderet</span> <span class='ocrx_word' id='word_1_51' title='bbox 1018 659 1047 708; x_wconf 82' lang='grc' dir='ltr'><em>ὃ</em></span> <span class='ocrx_word' id='word_1_52' title='bbox 1092 660 1188 708; x_wconf 92' lang='lat' dir='ltr'>niti</span> <span class='ocrx_word' id='word_1_53' title='bbox 1233 662 1404 708; x_wconf 87' lang='lat' dir='ltr'>textus</span> <span class='ocrx_word' id='word_1_54' title='bbox 1450 661 1738 710; x_wconf 83' lang='lat' dir='ltr'>recensione</span> <span class='ocrx_word' id='word_1_55' title='bbox 1786 676 1817 709; x_wconf 93' lang='lat' dir='ltr'>a</span> 
     </span>
     <span class='ocr_line' id='line_1_11' title="bbox 117 734 1816 818; baseline -0.002 -32"><span class='ocrx_word' id='word_1_56' title='bbox 117 736 422 786; x_wconf 85' lang='lat' dir='ltr'>Florentinis</span> <span class='ocrx_word' id='word_1_57' title='bbox 462 736 642 800; x_wconf 89' lang='lat' dir='ltr'>aliena,</span> <span class='ocrx_word' id='word_1_58' title='bbox 681 736 733 783; x_wconf 90' lang='lat' dir='ltr'>in</span> <span class='ocrx_word' id='word_1_59' title='bbox 774 737 946 785; x_wconf 88' lang='lat' dir='ltr'>eadem</span> <span class='ocrx_word' id='word_1_60' title='bbox 983 734 1421 818; x_wconf 79' lang='lat' dir='ltr'>disputatiuncula</span> <span class='ocrx_word' id='word_1_61' title='bbox 1458 735 1689 784; x_wconf 84' lang='lat' dir='ltr'>refellere</span> <span class='ocrx_word' id='word_1_62' title='bbox 1729 751 1816 799; x_wconf 90' lang='lat' dir='ltr'>ag-</span> 
     </span>
     <span class='ocr_line' id='line_1_12' title="bbox 117 809 1817 876; baseline -0.001 -16"><span class='ocrx_word' id='word_1_63' title='bbox 117 827 318 876; x_wconf 84' lang='lat' dir='ltr'>gressus</span> <span class='ocrx_word' id='word_1_64' title='bbox 359 827 471 860; x_wconf 91' lang='lat' dir='ltr'>sum</span> <span class='ocrx_word' id='word_1_65' title='bbox 510 811 896 859; x_wconf 88' lang='lat' dir='ltr'>demonstrando</span> <span class='ocrx_word' id='word_1_66' title='bbox 937 810 1107 872; x_wconf 91' lang='lat' dir='ltr'>potius</span> <span class='ocrx_word' id='word_1_67' title='bbox 1139 810 1250 857; x_wconf 90' lang='lat' dir='ltr'>ueri</span> <span class='ocrx_word' id='word_1_68' title='bbox 1282 809 1443 857; x_wconf 90' lang='lat' dir='ltr'>simile</span> <span class='ocrx_word' id='word_1_69' title='bbox 1485 825 1607 873; x_wconf 89' lang='lat' dir='ltr'>esse,</span> <span class='ocrx_word' id='word_1_70' title='bbox 1645 810 1817 858; x_wconf 89' lang='lat' dir='ltr'>uirum</span> 
     </span>
     <span class='ocr_line' id='line_1_13' title="bbox 118 882 1815 949; baseline -0.001 -15"><span class='ocrx_word' id='word_1_71' title='bbox 118 885 370 949; x_wconf 84' lang='lat' dir='ltr'>quendam</span> <span class='ocrx_word' id='word_1_72' title='bbox 418 885 622 934; x_wconf 91' lang='lat' dir='ltr'>doctum</span> <span class='ocrx_word' id='word_1_73' title='bbox 666 885 823 933; x_wconf 88' lang='lat' dir='ltr'>uerba</span> <span class='ocrx_word' id='word_1_74' title='bbox 859 883 1120 948; x_wconf 86' lang='lat' dir='ltr'>Fulgentii</span> <span class='ocrx_word' id='word_1_75' title='bbox 1165 884 1218 931; x_wconf 93' lang='lat' dir='ltr'>in</span> <span class='ocrx_word' id='word_1_76' title='bbox 1259 882 1289 932; x_wconf 81' lang='grc' dir='ltr'><em>ὃ</em></span> <span class='ocrx_word' id='word_1_77' title='bbox 1335 884 1421 931; x_wconf 91' lang='grc'>1161</span> <span class='ocrx_word' id='word_1_78' title='bbox 1466 884 1519 931; x_wconf 90' lang='grc'>111</span> <span class='ocrx_word' id='word_1_79' title='bbox 1564 899 1815 947; x_wconf 85' lang='lat' dir='ltr'>proauum</span> 
     </span>
     <span class='ocr_line' id='line_1_14' title="bbox 117 957 1814 1025; baseline 0 -17"><span class='ocrx_word' id='word_1_80' title='bbox 117 960 341 1024; x_wconf 83' lang='lat' dir='ltr'>aliquem</span> <span class='ocrx_word' id='word_1_81' title='bbox 378 960 497 1008; x_wconf 89' lang='lat' dir='ltr'>libri</span> <span class='ocrx_word' id='word_1_82' title='bbox 529 959 834 1009; x_wconf 89' lang='lat' dir='ltr'>Doruilliani</span> <span class='ocrx_word' id='word_1_83' title='bbox 871 959 1119 1008; x_wconf 88' lang='lat' dir='ltr'>intulisse.</span> <span class='ocrx_word' id='word_1_84' title='bbox 1172 957 1311 1015; x_wconf 83' lang='lat' dir='ltr'>Quae</span> <span class='ocrx_word' id='word_1_85' title='bbox 1344 973 1458 1006; x_wconf 89' lang='lat' dir='ltr'>cum</span> <span class='ocrx_word' id='word_1_86' title='bbox 1490 959 1814 1025; x_wconf 83' lang='lat' dir='ltr'>scripsissem,</span> 
     </span>
     <span class='ocr_line' id='line_1_15' title="bbox 114 1033 1814 1097; baseline -0.001 -14"><span class='ocrx_word' id='word_1_87' title='bbox 114 1034 492 1083; x_wconf 90' lang='lat' dir='ltr'>Doruillianum</span> <span class='ocrx_word' id='word_1_88' title='bbox 524 1035 811 1083; x_wconf 87' lang='lat' dir='ltr'>accuratius</span> <span class='ocrx_word' id='word_1_89' title='bbox 844 1034 1058 1083; x_wconf 88' lang='lat' dir='ltr'>scrutari</span> <span class='ocrx_word' id='word_1_90' title='bbox 1087 1048 1303 1097; x_wconf 88' lang='lat' dir='ltr'>pergens</span> <span class='ocrx_word' id='word_1_91' title='bbox 1335 1033 1480 1081; x_wconf 88' lang='lat' dir='ltr'>illam</span> <span class='ocrx_word' id='word_1_92' title='bbox 1512 1049 1677 1082; x_wconf 89' lang='lat' dir='ltr'>meam</span> <span class='ocrx_word' id='word_1_93' title='bbox 1708 1034 1814 1097; x_wconf 93' lang='lat' dir='ltr'>opi-</span> 
     </span>
     <span class='ocr_line' id='line_1_16' title="bbox 114 1107 1814 1172; baseline 0.001 -16"><span class='ocrx_word' id='word_1_94' title='bbox 114 1109 340 1158; x_wconf 59' lang='lat' dir='ltr'>nionem·</span> <span class='ocrx_word' id='word_1_95' title='bbox 363 1109 423 1157; x_wconf 91' lang='lat' dir='ltr'>de</span> <span class='ocrx_word' id='word_1_96' title='bbox 469 1108 765 1172; x_wconf 85' lang='lat' dir='ltr'>Apuleianis</span> <span class='ocrx_word' id='word_1_97' title='bbox 814 1124 874 1156; x_wconf 85' lang='lat' dir='ltr'>ex</span> <span class='ocrx_word' id='word_1_98' title='bbox 918 1108 1190 1172; x_wconf 88' lang='lat' dir='ltr'>Fulgentio</span> <span class='ocrx_word' id='word_1_99' title='bbox 1237 1107 1560 1170; x_wconf 86' lang='lat' dir='ltr'>interpolatis</span> <span class='ocrx_word' id='word_1_100' title='bbox 1607 1124 1814 1170; x_wconf 90' lang='lat' dir='ltr'>prorsus</span> 
     </span>
    </p>
   </div>
   <div class='ocr_carea' id='block_1_5' title="bbox 47 1182 1905 1246">
    <p class='ocr_par' dir='ltr' id='par_1_5' title="bbox 47 1182 1905 1246">
     <span class='ocr_line' id='line_1_17' title="bbox 47 1182 1905 1246; baseline 0.001 -15"><span class='ocrx_word' id='word_1_101' title='bbox 47 1215 54 1222; x_wconf 84' lang='lat'><strong>·</strong></span> <span class='ocrx_word' id='word_1_102' title='bbox 115 1182 462 1232; x_wconf 79' lang='lat' dir='ltr'>confimatam</span> <span class='ocrx_word' id='word_1_103' title='bbox 499 1183 619 1231; x_wconf 85' lang='lat' dir='ltr'>uidi.</span> <span class='ocrx_word' id='word_1_104' title='bbox 675 1183 735 1231; x_wconf 92' lang='lat' dir='ltr'><strong>In</strong></span> <span class='ocrx_word' id='word_1_105' title='bbox 773 1183 901 1231; x_wconf 91' lang='lat' dir='ltr'>libro</span> <span class='ocrx_word' id='word_1_106' title='bbox 942 1182 1075 1230; x_wconf 88' lang='lat' dir='ltr'>enim</span> <span class='ocrx_word' id='word_1_107' title='bbox 1113 1182 1186 1231; x_wconf 82' lang='lat' dir='ltr'><strong>IV</strong></span> <span class='ocrx_word' id='word_1_108' title='bbox 1226 1197 1263 1230; x_wconf 84' lang='lat'>0.</span> <span class='ocrx_word' id='word_1_109' title='bbox 1292 1184 1359 1231; x_wconf 84' lang='lat'>35</span> <span class='ocrx_word' id='word_1_110' title='bbox 1400 1199 1448 1245; x_wconf 94' lang='lat' dir='ltr'>p.</span> <span class='ocrx_word' id='word_1_111' title='bbox 1478 1184 1561 1232; x_wconf 86' lang='lat'>94.</span> <span class='ocrx_word' id='word_1_112' title='bbox 1588 1185 1656 1232; x_wconf 82' lang='lat'>26</span> <span class='ocrx_word' id='word_1_113' title='bbox 1698 1186 1815 1246; x_wconf 86' lang='lat' dir='ltr'>post</span> <span class='ocrx_word' id='word_1_114' title='bbox 1902 1206 1905 1208; x_wconf 92' lang='lat'>·</span> 
     </span>
    </p>
   </div>
   <div class='ocr_carea' id='block_1_6' title="bbox 101 1257 1812 2141">
    <p class='ocr_par' dir='ltr' id='par_1_6' title="bbox 101 1257 1812 2141">
     <span class='ocr_line' id='line_1_18' title="bbox 113 1257 1812 1320; baseline 0.001 -15"><span class='ocrx_word' id='word_1_115' title='bbox 113 1257 269 1307; x_wconf 90' lang='lat' dir='ltr'>uerba</span> <span class='ocrx_word' id='word_1_116' title='bbox 315 1259 576 1318; x_wconf 79' lang='lat' dir='ltr'>taedasque</span> <span class='ocrx_word' id='word_1_117' title='bbox 611 1258 878 1320; x_wconf 73' lang='lat' dir='ltr'>nuptiale8‚</span> <span class='ocrx_word' id='word_1_118' title='bbox 918 1258 1092 1317; x_wconf 80' lang='lat' dir='ltr'>quibus</span> <span class='ocrx_word' id='word_1_119' title='bbox 1121 1257 1480 1318; x_wconf 73' lang='lat' dir='ltr'>praeluxerunt</span> <span class='ocrx_word' id='word_1_120' title='bbox 1523 1257 1702 1305; x_wconf 86' lang='lat' dir='ltr'>ibidem</span> <span class='ocrx_word' id='word_1_121' title='bbox 1740 1258 1812 1306; x_wconf 87' lang='lat' dir='ltr'>la·</span> 
     </span>
     <span class='ocr_line' id='line_1_19' title="bbox 113 1331 1812 1394; baseline -0.001 -13"><span class='ocrx_word' id='word_1_122' title='bbox 113 1334 279 1381; x_wconf 72' lang='lat' dir='ltr'>crinns</span> <span class='ocrx_word' id='word_1_123' title='bbox 315 1334 420 1381; x_wconf 84' lang='lat' dir='ltr'>suis</span> <span class='ocrx_word' id='word_1_124' title='bbox 460 1334 692 1380; x_wconf 82' lang='lat' dir='ltr'>extinctas</span> <span class='ocrx_word' id='word_1_125' title='bbox 729 1333 1050 1392; x_wconf 73' lang='lat' dir='ltr'>relinquentes</span> <span class='ocrx_word' id='word_1_126' title='bbox 1089 1332 1198 1380; x_wconf 91' lang='lat' dir='ltr'>loco</span> <span class='ocrx_word' id='word_1_127' title='bbox 1230 1331 1381 1394; x_wconf 89' lang='lat' dir='ltr'>plane</span> <span class='ocrx_word' id='word_1_128' title='bbox 1414 1331 1578 1380; x_wconf 87' lang='lat' dir='ltr'>alieno</span> <span class='ocrx_word' id='word_1_129' title='bbox 1618 1331 1812 1381; x_wconf 88' lang='lat' dir='ltr'>inserta</span> 
     </span>
     <span class='ocr_line' id='line_1_20' title="bbox 113 1405 1811 1468; baseline 0 -13"><span class='ocrx_word' id='word_1_130' title='bbox 113 1410 232 1455; x_wconf 86' lang='lat' dir='ltr'>sunt</span> <span class='ocrx_word' id='word_1_131' title='bbox 276 1406 330 1454; x_wconf 90' lang='lat' dir='ltr'>in</span> <span class='ocrx_word' id='word_1_132' title='bbox 369 1406 419 1455; x_wconf 74' lang='grc' dir='ltr'>δε</span> <span class='ocrx_word' id='word_1_133' title='bbox 476 1409 667 1468; x_wconf 71' lang='lat' dir='ltr'>eorayio</span> <span class='ocrx_word' id='word_1_134' title='bbox 713 1409 875 1467; x_wconf 79' lang='lat' dir='ltr'>itaque</span> <span class='ocrx_word' id='word_1_135' title='bbox 911 1407 1148 1467; x_wconf 75' lang='lat' dir='ltr'>perfecto,</span> <span class='ocrx_word' id='word_1_136' title='bbox 1197 1405 1374 1454; x_wconf 90' lang='lat' dir='ltr'>deinde</span> <span class='ocrx_word' id='word_1_137' title='bbox 1427 1405 1657 1468; x_wconf 87' lang='lat' dir='ltr'>procedit</span> <span class='ocrx_word' id='word_1_138' title='bbox 1703 1421 1811 1455; x_wconf 91' lang='lat' dir='ltr'>sen-</span> 
     </span>
     <span class='ocr_line' id='line_1_21' title="bbox 111 1480 1811 1543; baseline 0.001 -15"><span class='ocrx_word' id='word_1_139' title='bbox 111 1482 294 1530; x_wconf 88' lang='lat' dir='ltr'>tentia:</span> <span class='ocrx_word' id='word_1_140' title='bbox 334 1482 526 1530; x_wconf 86' lang='lat' dir='ltr'>deiectis</span> <span class='ocrx_word' id='word_1_141' title='bbox 558 1482 797 1541; x_wconf 74' lang='lat' dir='ltr'>capitibus</span> <span class='ocrx_word' id='word_1_142' title='bbox 827 1482 1171 1530; x_wconf 72' lang='lat' dir='ltr'>domuitionem</span> <span class='ocrx_word' id='word_1_143' title='bbox 1193 1483 1396 1541; x_wconf 75' lang='lat' dir='ltr'>parant.</span> <span class='ocrx_word' id='word_1_144' title='bbox 1448 1480 1687 1543; x_wconf 91' lang='lat' dir='ltr'>Ineptum</span> <span class='ocrx_word' id='word_1_145' title='bbox 1716 1481 1811 1530; x_wconf 92' lang='lat' dir='ltr'>hoc</span> 
     </span>
     <span class='ocr_line' id='line_1_22' title="bbox 113 1552 1810 1618; baseline 0 -14"><span class='ocrx_word' id='word_1_146' title='bbox 113 1555 514 1604; x_wconf 89' lang='lat' dir='ltr'>additamentum</span> <span class='ocrx_word' id='word_1_147' title='bbox 566 1552 826 1618; x_wconf 84' lang='lat' dir='ltr'>¹sumptum</span> <span class='ocrx_word' id='word_1_148' title='bbox 875 1558 952 1604; x_wconf 87' lang='lat' dir='ltr'>est</span> <span class='ocrx_word' id='word_1_149' title='bbox 998 1571 1057 1603; x_wconf 82' lang='lat' dir='ltr'>ex</span> <span class='ocrx_word' id='word_1_150' title='bbox 1101 1555 1397 1618; x_wconf 86' lang='lat' dir='ltr'>Fulgentio:</span> <span class='ocrx_word' id='word_1_151' title='bbox 1453 1555 1513 1603; x_wconf 92' lang='lat' dir='ltr'>de</span> <span class='ocrx_word' id='word_1_152' title='bbox 1563 1554 1810 1604; x_wconf 87' lang='lat' dir='ltr'>abstrusis</span> 
     </span>
     <span class='ocr_line' id='line_1_23' title="bbox 114 1622 1810 1696; baseline 0 -18"><span class='ocrx_word' id='word_1_153' title='bbox 114 1629 426 1679; x_wconf 86' lang='lat' dir='ltr'>sermonibus</span> <span class='ocrx_word' id='word_1_154' title='bbox 475 1622 685 1696; x_wconf 87' lang='lat' dir='ltr'>(Lersch</span> <span class='ocrx_word' id='word_1_155' title='bbox 722 1647 769 1693; x_wconf 89' lang='lat' dir='ltr'>p.</span> <span class='ocrx_word' id='word_1_156' title='bbox 802 1626 994 1695; x_wconf 86' lang='lat' dir='ltr'><strong>XVIII)</strong></span> <span class='ocrx_word' id='word_1_157' title='bbox 1045 1629 1173 1690; x_wconf 72' lang='lat' dir='ltr'>Quid</span> <span class='ocrx_word' id='word_1_158' title='bbox 1215 1631 1279 1677; x_wconf 89' lang='lat' dir='ltr'>sit</span> <span class='ocrx_word' id='word_1_159' title='bbox 1325 1631 1584 1690; x_wconf 73' lang='lat' dir='ltr'>eorayium.</span> <span class='ocrx_word' id='word_1_160' title='bbox 1659 1629 1810 1679; x_wconf 85' lang='lat' dir='ltr'>Cora-</span> 
     </span>
     <span class='ocr_line' id='line_1_24' title="bbox 106 1704 1810 1765; baseline 0 -13"><span class='ocrx_word' id='word_1_161' title='bbox 106 1706 245 1765; x_wconf 80' lang='lat' dir='ltr'>9iwm</span> <span class='ocrx_word' id='word_1_162' title='bbox 282 1705 460 1752; x_wconf 84' lang='lat' dir='ltr'>dieitur</span> <span class='ocrx_word' id='word_1_163' title='bbox 496 1705 741 1765; x_wconf 75' lang='lat' dir='ltr'>uiryinale</span> <span class='ocrx_word' id='word_1_164' title='bbox 777 1705 945 1764; x_wconf 73' lang='lat' dir='ltr'>funus,</span> <span class='ocrx_word' id='word_1_165' title='bbox 1014 1704 1151 1752; x_wconf 85' lang='lat' dir='ltr'>Sicut</span> <span class='ocrx_word' id='word_1_166' title='bbox 1188 1704 1414 1764; x_wconf 73' lang='lat' dir='ltr'>apuleius</span> <span class='ocrx_word' id='word_1_167' title='bbox 1451 1706 1506 1752; x_wconf 78' lang='lat' dir='ltr'>in</span> <span class='ocrx_word' id='word_1_168' title='bbox 1554 1707 1810 1753; x_wconf 84' lang='lat' dir='ltr'>metamor-</span> 
     </span>
     <span class='ocr_line' id='line_1_25' title="bbox 101 1779 1808 1841; baseline 0.001 -15"><span class='ocrx_word' id='word_1_169' title='bbox 101 1779 319 1839; x_wconf 78' lang='lat' dir='ltr'>phoseon</span> <span class='ocrx_word' id='word_1_170' title='bbox 357 1780 450 1827; x_wconf 86' lang='lat' dir='ltr'>ait:</span> <span class='ocrx_word' id='word_1_171' title='bbox 489 1780 677 1839; x_wconf 74' lang='lat' dir='ltr'>eorayio</span> <span class='ocrx_word' id='word_1_172' title='bbox 709 1780 872 1841; x_wconf 75' lang='lat' dir='ltr'>itaque</span> <span class='ocrx_word' id='word_1_173' title='bbox 900 1779 1114 1840; x_wconf 77' lang='lat' dir='ltr'>perfeeto</span> <span class='ocrx_word' id='word_1_174' title='bbox 1146 1792 1309 1826; x_wconf 87' lang='lat' dir='ltr'>omnes</span> <span class='ocrx_word' id='word_1_175' title='bbox 1341 1779 1683 1827; x_wconf 81' lang='lat' dir='ltr'>domuitionem</span> <span class='ocrx_word' id='word_1_176' title='bbox 1711 1795 1808 1840; x_wconf 73' lang='lat' dir='ltr'>pa-</span> 
     </span>
     <span class='ocr_line' id='line_1_26' title="bbox 112 1853 1810 1915; baseline 0.001 -14"><span class='ocrx_word' id='word_1_177' title='bbox 112 1856 249 1909; x_wconf 88' lang='lat' dir='ltr'>rant,</span> <span class='ocrx_word' id='word_1_178' title='bbox 289 1853 371 1900; x_wconf 86' lang='lat' dir='ltr'>uel</span> <span class='ocrx_word' id='word_1_179' title='bbox 409 1853 461 1900; x_wconf 90' lang='lat' dir='ltr'>in</span> <span class='ocrx_word' id='word_1_180' title='bbox 501 1853 664 1901; x_wconf 89' lang='lat' dir='ltr'>altera</span> <span class='ocrx_word' id='word_1_181' title='bbox 700 1853 1008 1902; x_wconf 88' lang='lat' dir='ltr'>recensione:</span> <span class='ocrx_word' id='word_1_182' title='bbox 1058 1854 1307 1914; x_wconf 72' lang='lat' dir='ltr'>eorayium</span> <span class='ocrx_word' id='word_1_183' title='bbox 1345 1854 1522 1902; x_wconf 87' lang='lat' dir='ltr'>dieitur</span> <span class='ocrx_word' id='word_1_184' title='bbox 1564 1855 1810 1915; x_wconf 72' lang='lat' dir='ltr'>uiryinale</span> 
     </span>
     <span class='ocr_line' id='line_1_27' title="bbox 110 1926 1810 1989; baseline 0.001 -14"><span class='ocrx_word' id='word_1_185' title='bbox 110 1928 267 1988; x_wconf 81' lang='lat' dir='ltr'>funus</span> <span class='ocrx_word' id='word_1_186' title='bbox 303 1929 428 1976; x_wconf 86' lang='lat' dir='ltr'>sicut</span> <span class='ocrx_word' id='word_1_187' title='bbox 465 1928 688 1988; x_wconf 73' lang='lat' dir='ltr'>apuleius</span> <span class='ocrx_word' id='word_1_188' title='bbox 725 1930 780 1976; x_wconf 90' lang='lat' dir='ltr'>in</span> <span class='ocrx_word' id='word_1_189' title='bbox 815 1928 1214 1988; x_wconf 82' lang='lat' dir='ltr'>metamorfoseon</span> <span class='ocrx_word' id='word_1_190' title='bbox 1253 1929 1334 1975; x_wconf 86' lang='lat' dir='ltr'>ait.</span> <span class='ocrx_word' id='word_1_191' title='bbox 1402 1926 1609 1988; x_wconf 71' lang='lat' dir='ltr'>Corayio</span> <span class='ocrx_word' id='word_1_192' title='bbox 1646 1930 1810 1989; x_wconf 80' lang='lat' dir='ltr'>itaque</span> 
     </span>
     <span class='ocr_line' id='line_1_28' title="bbox 102 2002 1807 2066; baseline 0.001 -17"><span class='ocrx_word' id='word_1_193' title='bbox 102 2002 332 2063; x_wconf 73' lang='lat' dir='ltr'>profecto.</span> <span class='ocrx_word' id='word_1_194' title='bbox 380 2016 543 2050; x_wconf 91' lang='lat' dir='ltr'>omnes</span> <span class='ocrx_word' id='word_1_195' title='bbox 581 2003 916 2051; x_wconf 81' lang='lat' dir='ltr'>dormitionem</span> <span class='ocrx_word' id='word_1_196' title='bbox 950 2006 1153 2063; x_wconf 76' lang='lat' dir='ltr'>parant.</span> <span class='ocrx_word' id='word_1_197' title='bbox 1221 2002 1414 2050; x_wconf 86' lang='lat' dir='ltr'>Eadem</span> <span class='ocrx_word' id='word_1_198' title='bbox 1460 2017 1638 2051; x_wconf 91' lang='lat' dir='ltr'>manus</span> <span class='ocrx_word' id='word_1_199' title='bbox 1678 2019 1807 2066; x_wconf 91' lang='lat' dir='ltr'>quae</span> 
     </span>
     <span class='ocr_line' id='line_1_29' title="bbox 113 2075 1808 2141; baseline 0.001 -17"><span class='ocrx_word' id='word_1_200' title='bbox 113 2075 235 2124; x_wconf 85' lang='lat' dir='ltr'>haec</span> <span class='ocrx_word' id='word_1_201' title='bbox 280 2091 380 2125; x_wconf 91' lang='lat' dir='ltr'>non</span> <span class='ocrx_word' id='word_1_202' title='bbox 426 2076 575 2125; x_wconf 90' lang='lat' dir='ltr'>nimis</span> <span class='ocrx_word' id='word_1_203' title='bbox 622 2077 854 2125; x_wconf 87' lang='lat' dir='ltr'>sollerter</span> <span class='ocrx_word' id='word_1_204' title='bbox 896 2076 1119 2141; x_wconf 85' lang='lat' dir='ltr'>infulsit,</span> <span class='ocrx_word' id='word_1_205' title='bbox 1167 2077 1386 2125; x_wconf 90' lang='lat' dir='ltr'>alterum</span> <span class='ocrx_word' id='word_1_206' title='bbox 1438 2076 1586 2124; x_wconf 92' lang='lat' dir='ltr'>illum</span> <span class='ocrx_word' id='word_1_207' title='bbox 1639 2078 1808 2126; x_wconf 92' lang='lat' dir='ltr'>locum</span> 
     </span>
    </p>
   </div>
   <div class='ocr_carea' id='block_1_7' title="bbox 76 2150 919 2214">
    <p class='ocr_par' dir='ltr' id='par_1_7' title="bbox 76 2150 919 2214">
     <span class='ocr_line' id='line_1_30' title="bbox 76 2150 919 2214; baseline 0.001 -16"><span class='ocrx_word' id='word_1_208' title='bbox 76 2208 79 2211; x_wconf 25' lang='lat'><em>¹</em></span> <span class='ocrx_word' id='word_1_209' title='bbox 111 2150 264 2213; x_wconf 87' lang='lat' dir='ltr'>paulo</span> <span class='ocrx_word' id='word_1_210' title='bbox 304 2150 537 2199; x_wconf 89' lang='lat' dir='ltr'>callidius</span> <span class='ocrx_word' id='word_1_211' title='bbox 574 2150 919 2214; x_wconf 83' lang='lat' dir='ltr'>interpolauit.</span> 
     </span>
    </p>
   </div>
   <div class='ocr_carea' id='block_1_8' title="bbox 112 2223 1805 2439">
    <p class='ocr_par' dir='ltr' id='par_1_8' title="bbox 112 2223 1805 2439">
     <span class='ocr_line' id='line_1_31' title="bbox 226 2223 1804 2290; baseline 0 -16"><span class='ocrx_word' id='word_1_212' title='bbox 226 2223 527 2288; x_wconf 86' lang='lat' dir='ltr'>Quanquam</span> <span class='ocrx_word' id='word_1_213' title='bbox 564 2225 617 2273; x_wconf 92' lang='lat' dir='ltr'>in</span> <span class='ocrx_word' id='word_1_214' title='bbox 655 2225 749 2274; x_wconf 87' lang='lat' dir='ltr'>hac</span> <span class='ocrx_word' id='word_1_215' title='bbox 786 2242 840 2274; x_wconf 91' lang='lat' dir='ltr'>re</span> <span class='ocrx_word' id='word_1_216' title='bbox 872 2241 986 2274; x_wconf 91' lang='lat' dir='ltr'>cum</span> <span class='ocrx_word' id='word_1_217' title='bbox 1017 2225 1324 2274; x_wconf 86' lang='lat' dir='ltr'>Rossbachio</span> <span class='ocrx_word' id='word_1_218' title='bbox 1365 2226 1529 2274; x_wconf 87' lang='lat' dir='ltr'>facere</span> <span class='ocrx_word' id='word_1_219' title='bbox 1561 2242 1660 2275; x_wconf 92' lang='lat' dir='ltr'>non</span> <span class='ocrx_word' id='word_1_220' title='bbox 1691 2241 1804 2290; x_wconf 89' lang='lat' dir='ltr'>pos-</span> 
     </span>
     <span class='ocr_line' id='line_1_32' title="bbox 114 2299 1805 2365; baseline 0.001 -18"><span class='ocrx_word' id='word_1_221' title='bbox 114 2313 240 2363; x_wconf 87' lang='lat' dir='ltr'>sum,</span> <span class='ocrx_word' id='word_1_222' title='bbox 279 2299 439 2348; x_wconf 90' lang='lat' dir='ltr'>eidem</span> <span class='ocrx_word' id='word_1_223' title='bbox 477 2299 590 2348; x_wconf 90' lang='lat' dir='ltr'>uiro</span> <span class='ocrx_word' id='word_1_224' title='bbox 626 2299 774 2349; x_wconf 89' lang='lat' dir='ltr'>docto</span> <span class='ocrx_word' id='word_1_225' title='bbox 812 2301 962 2363; x_wconf 91' lang='lat' dir='ltr'>plane</span> <span class='ocrx_word' id='word_1_226' title='bbox 995 2300 1256 2365; x_wconf 90' lang='lat' dir='ltr'>assentior,</span> <span class='ocrx_word' id='word_1_227' title='bbox 1296 2300 1432 2363; x_wconf 91' lang='lat' dir='ltr'>quod</span> <span class='ocrx_word' id='word_1_228' title='bbox 1468 2300 1556 2349; x_wconf 91' lang='lat' dir='ltr'>ille</span> <span class='ocrx_word' id='word_1_229' title='bbox 1590 2316 1650 2348; x_wconf 82' lang='lat' dir='ltr'>ex</span> <span class='ocrx_word' id='word_1_230' title='bbox 1689 2316 1805 2363; x_wconf 87' lang='lat' dir='ltr'>sup-</span> 
     </span>
     <span class='ocr_line' id='line_1_33' title="bbox 112 2370 1805 2439; baseline 0.001 -19"><span class='ocrx_word' id='word_1_231' title='bbox 112 2370 379 2434; x_wconf 74' lang='lat' dir='ltr'>plementis</span> <span class='ocrx_word' id='word_1_232' title='bbox 408 2373 527 2421; x_wconf 91' lang='lat' dir='ltr'>libri</span> <span class='ocrx_word' id='word_1_233' title='bbox 558 2373 602 2438; x_wconf 81' lang='grc' dir='ltr'>ὁ,</span> <span class='ocrx_word' id='word_1_234' title='bbox 635 2390 727 2438; x_wconf 88' lang='lat' dir='ltr'>ego</span> <span class='ocrx_word' id='word_1_235' title='bbox 761 2391 818 2423; x_wconf 87' lang='lat' dir='ltr'>ex</span> <span class='ocrx_word' id='word_1_236' title='bbox 850 2392 890 2438; x_wconf 83' lang='grc' dir='ltr'><em>φ</em></span> <span class='ocrx_word' id='word_1_237' title='bbox 922 2375 1259 2439; x_wconf 84' lang='lat' dir='ltr'>effeceramuS,</span> <span class='ocrx_word' id='word_1_238' title='bbox 1297 2375 1506 2423; x_wconf 89' lang='lat' dir='ltr'>lacunas</span> <span class='ocrx_word' id='word_1_239' title='bbox 1538 2374 1655 2423; x_wconf 90' lang='lat' dir='ltr'>libri</span> <span class='ocrx_word' id='word_1_240' title='bbox 1682 2374 1805 2422; x_wconf 89' lang='lat' dir='ltr'><strong>VIII</strong></span> 
     </span>
    </p>
   </div>
   <div class='ocr_carea' id='block_1_9' title="bbox 61 2439 1802 2513">
    <p class='ocr_par' dir='ltr' id='par_1_9' title="bbox 61 2439 1802 2513">
     <span class='ocr_line' id='line_1_34' title="bbox 61 2439 1802 2513; baseline 0.002 -19"><span class='ocrx_word' id='word_1_241' title='bbox 61 2439 67 2445; x_wconf 75' lang='grc'><strong>’</strong></span> <span class='ocrx_word' id='word_1_242' title='bbox 116 2461 177 2494; x_wconf 83' lang='lat' dir='ltr'>ex</span> <span class='ocrx_word' id='word_1_243' title='bbox 221 2447 373 2496; x_wconf 89' lang='lat' dir='ltr'>tertio</span> <span class='ocrx_word' id='word_1_244' title='bbox 412 2447 630 2511; x_wconf 90' lang='lat' dir='ltr'>quodam</span> <span class='ocrx_word' id='word_1_245' title='bbox 677 2449 845 2498; x_wconf 87' lang='lat' dir='ltr'>codice</span> <span class='ocrx_word' id='word_1_246' title='bbox 891 2450 1112 2512; x_wconf 88' lang='lat' dir='ltr'>repletas</span> <span class='ocrx_word' id='word_1_247' title='bbox 1152 2464 1280 2513; x_wconf 91' lang='lat' dir='ltr'>esse,</span> <span class='ocrx_word' id='word_1_248' title='bbox 1321 2465 1468 2512; x_wconf 92' lang='lat' dir='ltr'>quem</span> <span class='ocrx_word' id='word_1_249' title='bbox 1517 2450 1802 2512; x_wconf 85' lang='lat' dir='ltr'>suspicatus</span> 
     </span>
    </p>
   </div>
   <div class='ocr_carea' id='block_1_10' title="bbox 113 2521 1804 2662">
    <p class='ocr_par' dir='ltr' id='par_1_10' title="bbox 113 2521 1804 2662">
     <span class='ocr_line' id='line_1_35' title="bbox 113 2521 1804 2587; baseline 0.003 -22"><span class='ocrx_word' id='word_1_250' title='bbox 113 2531 227 2567; x_wconf 85' lang='lat' dir='ltr'>sum</span> <span class='ocrx_word' id='word_1_251' title='bbox 273 2536 332 2568; x_wconf 86' lang='lat' dir='ltr'>ex</span> <span class='ocrx_word' id='word_1_252' title='bbox 375 2521 415 2569; x_wconf 85' lang='lat' dir='ltr'><strong>F</strong></span> <span class='ocrx_word' id='word_1_253' title='bbox 462 2537 569 2571; x_wconf 90' lang='grc'>6886</span> <span class='ocrx_word' id='word_1_254' title='bbox 615 2525 898 2586; x_wconf 85' lang='lat' dir='ltr'>exaratum,</span> <span class='ocrx_word' id='word_1_255' title='bbox 937 2526 1207 2587; x_wconf 90' lang='lat' dir='ltr'>antequam</span> <span class='ocrx_word' id='word_1_256' title='bbox 1253 2523 1612 2572; x_wconf 88' lang='lat' dir='ltr'>lacerationem</span> <span class='ocrx_word' id='word_1_257' title='bbox 1661 2523 1804 2571; x_wconf 91' lang='lat' dir='ltr'>illam</span> 
     </span>
     <span class='ocr_line' id='line_1_36' title="bbox 114 2596 1803 2662; baseline 0.001 -21"><span class='ocrx_word' id='word_1_258' title='bbox 114 2609 293 2657; x_wconf 90' lang='lat' dir='ltr'>passus</span> <span class='ocrx_word' id='word_1_259' title='bbox 335 2598 478 2644; x_wconf 87' lang='lat' dir='ltr'>esset.</span> <span class='ocrx_word' id='word_1_260' title='bbox 527 2596 684 2646; x_wconf 90' lang='lat' dir='ltr'>Porro</span> <span class='ocrx_word' id='word_1_261' title='bbox 718 2613 778 2645; x_wconf 87' lang='lat' dir='ltr'>ex</span> <span class='ocrx_word' id='word_1_262' title='bbox 815 2597 1026 2662; x_wconf 91' lang='lat' dir='ltr'>ratione,</span> <span class='ocrx_word' id='word_1_263' title='bbox 1066 2614 1168 2661; x_wconf 89' lang='lat' dir='ltr'>qua</span> <span class='ocrx_word' id='word_1_264' title='bbox 1205 2597 1258 2645; x_wconf 90' lang='lat' dir='ltr'>in</span> <span class='ocrx_word' id='word_1_265' title='bbox 1298 2597 1508 2646; x_wconf 86' lang='lat' dir='ltr'>diuersis</span> <span class='ocrx_word' id='word_1_266' title='bbox 1549 2596 1803 2646; x_wconf 87' lang='lat' dir='ltr'>codicibus</span> 
     </span>
    </p>
   </div>
   <div class='ocr_carea' id='block_1_11' title="bbox 112 2734 1799 2914">
    <p class='ocr_par' dir='ltr' id='par_1_11' title="bbox 112 2734 1799 2914">
     <span class='ocr_line' id='line_1_37' title="bbox 234 2734 1058 2796; baseline 0.005 -18"><span class='ocrx_word' id='word_1_267' title='bbox 234 2737 276 2790; x_wconf 89' lang='lat'>1)</span> <span class='ocrx_word' id='word_1_268' title='bbox 316 2734 372 2780; x_wconf 85' lang='lat' dir='ltr'>cf.</span> <span class='ocrx_word' id='word_1_269' title='bbox 404 2735 705 2795; x_wconf 80' lang='lat' dir='ltr'>Mnemosyne</span> <span class='ocrx_word' id='word_1_270' title='bbox 739 2743 867 2783; x_wconf 85' lang='grc'>1896.</span> <span class='ocrx_word' id='word_1_271' title='bbox 899 2754 944 2796; x_wconf 93' lang='lat' dir='ltr'>p.</span> <span class='ocrx_word' id='word_1_272' title='bbox 971 2743 1058 2782; x_wconf 81' lang='lat'>210</span> 
     </span>
     <span class='ocr_line' id='line_1_38' title="bbox 233 2794 1799 2862; baseline 0 -24"><span class='ocrx_word' id='word_1_273' title='bbox 233 2797 291 2862; x_wconf 40' lang='lat'>2).</span> <span class='ocrx_word' id='word_1_274' title='bbox 308 2794 439 2839; x_wconf 85' lang='lat' dir='ltr'>Neue</span> <span class='ocrx_word' id='word_1_275' title='bbox 456 2795 616 2842; x_wconf 89' lang='lat' dir='ltr'>Jahrb</span> <span class='ocrx_word' id='word_1_276' title='bbox 634 2797 665 2843; x_wconf 87' lang='lat' dir='ltr'>f.</span> <span class='ocrx_word' id='word_1_277' title='bbox 682 2798 804 2842; x_wconf 90' lang='lat' dir='ltr'>Phil.</span> <span class='ocrx_word' id='word_1_278' title='bbox 825 2802 951 2843; x_wconf 86' lang='lat'>1895.</span> <span class='ocrx_word' id='word_1_279' title='bbox 977 2813 1022 2855; x_wconf 91' lang='lat' dir='ltr'>p.</span> <span class='ocrx_word' id='word_1_280' title='bbox 1043 2802 1141 2842; x_wconf 82' lang='lat'>175.</span> <span class='ocrx_word' id='word_1_281' title='bbox 1173 2797 1309 2842; x_wconf 87' lang='lat' dir='ltr'>Vidit</span> <span class='ocrx_word' id='word_1_282' title='bbox 1325 2797 1451 2842; x_wconf 86' lang='lat' dir='ltr'>enim</span> <span class='ocrx_word' id='word_1_283' title='bbox 1466 2794 1799 2851; x_wconf 86' lang='lat' dir='ltr'>Rossbachius,</span> 
     </span>
     <span class='ocr_line' id='line_1_39' title="bbox 112 2853 1799 2914; baseline 0 -17"><span class='ocrx_word' id='word_1_284' title='bbox 112 2854 239 2910; x_wconf 91' lang='lat' dir='ltr'>quod</span> <span class='ocrx_word' id='word_1_285' title='bbox 278 2853 374 2898; x_wconf 89' lang='lat' dir='ltr'>iam</span> <span class='ocrx_word' id='word_1_286' title='bbox 412 2857 554 2900; x_wconf 87' lang='lat' dir='ltr'>antea</span> <span class='ocrx_word' id='word_1_287' title='bbox 583 2856 772 2901; x_wconf 87' lang='lat' dir='ltr'>uiderat</span> <span class='ocrx_word' id='word_1_288' title='bbox 803 2857 1181 2914; x_wconf 89' lang='lat' dir='ltr'>Oudendorpius,</span> <span class='ocrx_word' id='word_1_289' title='bbox 1220 2857 1271 2901; x_wconf 88' lang='lat' dir='ltr'>in</span> <span class='ocrx_word' id='word_1_290' title='bbox 1302 2857 1533 2913; x_wconf 88' lang='lat' dir='ltr'>scriptura</span> <span class='ocrx_word' id='word_1_291' title='bbox 1571 2854 1684 2911; x_wconf 86' lang='lat' dir='ltr'>loci,</span> <span class='ocrx_word' id='word_1_292' title='bbox 1717 2854 1799 2910; x_wconf 90' lang='lat' dir='ltr'>qui</span> 
     </span>
    </p>
   </div>
   <div class='ocr_carea' id='block_1_12' title="bbox 7 2891 1799 2971">
    <p class='ocr_par' dir='ltr' id='par_1_12' title="bbox 7 2891 1799 2971">
     <span class='ocr_line' id='line_1_40' title="bbox 7 2891 1799 2971; baseline 0.001 -15"><span class='ocrx_word' id='word_1_293' title='bbox 7 2891 49 2971; x_wconf 53' lang='lat' dir='ltr'>&#39;tl</span> <span class='ocrx_word' id='word_1_294' title='bbox 55 2918 59 2921; x_wconf 84' lang='grc'><strong>“</strong></span> <span class='ocrx_word' id='word_1_295' title='bbox 113 2915 186 2957; x_wconf 86' lang='lat' dir='ltr'>est</span> <span class='ocrx_word' id='word_1_296' title='bbox 214 2928 258 2971; x_wconf 91' lang='lat' dir='ltr'>p.</span> <span class='ocrx_word' id='word_1_297' title='bbox 286 2918 385 2958; x_wconf 90' lang='lat'>101.</span> <span class='ocrx_word' id='word_1_298' title='bbox 412 2918 468 2957; x_wconf 79' lang='lat'>24</span> <span class='ocrx_word' id='word_1_299' title='bbox 500 2928 557 2959; x_wconf 85' lang='lat' dir='ltr'>ex</span> <span class='ocrx_word' id='word_1_300' title='bbox 588 2916 804 2961; x_wconf 89' lang='lat' dir='ltr'>omnibus</span> <span class='ocrx_word' id='word_1_301' title='bbox 835 2916 969 2961; x_wconf 90' lang='lat' dir='ltr'>libris</span> <span class='ocrx_word' id='word_1_302' title='bbox 1000 2931 1110 2961; x_wconf 87' lang='grc'>11188.</span> <span class='ocrx_word' id='word_1_303' title='bbox 1143 2916 1294 2961; x_wconf 88' lang='lat' dir='ltr'>solum</span> <span class='ocrx_word' id='word_1_304' title='bbox 1317 2914 1662 2960; x_wconf 89' lang='lat' dir='ltr'>Doruillianum</span> <span class='ocrx_word' id='word_1_305' title='bbox 1693 2927 1799 2957; x_wconf 91' lang='lat' dir='ltr'>cum</span> 
     </span>
    </p>
   </div>
   <div class='ocr_carea' id='block_1_13' title="bbox 8 2975 84 3132">
    <p class='ocr_par' dir='ltr' id='par_1_13' title="bbox 8 2975 84 3132">
     <span class='ocr_line' id='line_1_41' title="bbox 8 2975 84 3072; baseline 0 0"><span class='ocrx_word' id='word_1_306' title='bbox 8 2975 84 3072; x_wconf 65' lang='grc' dir='ltr'>ἒ</span> 
     </span>
     <span class='ocr_line' id='line_1_42' title="bbox 10 3068 30 3132; baseline 0 0"><span class='ocrx_word' id='word_1_307' title='bbox 10 3068 30 3132; x_wconf 67' lang='grc'>1</span> 
     </span>
    </p>
   </div>
   <div class='ocr_carea' id='block_1_14' title="bbox 110 2971 1508 3052">
    <p class='ocr_par' dir='ltr' id='par_1_14' title="bbox 110 2971 1508 3052">
     <span class='ocr_line' id='line_1_43' title="bbox 110 2971 1508 3052; baseline 0.005 -35"><span class='ocrx_word' id='word_1_308' title='bbox 110 2971 268 3017; x_wconf 86' lang='lat' dir='ltr'>uerbis</span> <span class='ocrx_word' id='word_1_309' title='bbox 299 2972 539 3030; x_wconf 85' lang='lat' dir='ltr'>Fulgentii</span> <span class='ocrx_word' id='word_1_310' title='bbox 569 2975 825 3021; x_wconf 87' lang='grc'>60116111616</span> <span class='ocrx_word' id='word_1_311' title='bbox 1476 3027 1508 3052; x_wconf 57' lang='lat'><strong>·</strong></span> 
     </span>
    </p>
   </div>
   <div class='ocr_carea' id='block_1_15' title="bbox 1376 3049 1439 3092">
    <p class='ocr_par' dir='ltr' id='par_1_15' title="bbox 1376 3049 1439 3092">
     <span class='ocr_line' id='line_1_44' title="bbox 1376 3049 1439 3092; baseline 0 -21"><span class='ocrx_word' id='word_1_312' title='bbox 1376 3049 1439 3092; x_wconf 70' lang='lat' dir='ltr'>b.</span> 
     </span>
    </p>
   </div>
  </div>
 </body>
</html>
