1916 3132
748 128 945 176 ΔΕΚΑ
953 126 1093 175 TON
1663 123 1768 177 293

30 261 35 266 ’
65 267 139 339 μὴ
179 271 348 321 τοῦτο
387 269 662 321 ποιοῦντα
688 265 827 335 μηδὲ
860 265 1038 333 κόρην
1066 262 1266 334 ἄλλην,
1306 260 1430 316 ἀλλ’
1462 265 1558 332 ἐμὲ
1598 264 1772 318 πάλιν

65 351 408 422 σφαγιάζειν.
481 354 582 404 τοῦ
619 343 1058 422 δὲήεύφήμησοά
1093 349 1367 418 εἰπόντος,
1407 349 1497 402 καὶ
1538 346 1643 418 τήν
1682 350 1772 401 αἰ-

65 440 192 491 τίαν
240 438 385 491 διότι
432 439 598 490 τοῦτο
646 436 793 504 λέγει
846 435 1309 505 πυνθανομένου,
1361 432 1466 503 ὅτι,
1508 435 1635 503 ἔφη,
1676 432 1771 486 καὶ

67 522 190 591 ἐμοὶ
217 525 380 588 ζῶντι
394 524 578 604 ,συζῆν
604 520 697 574 καὶ
717 519 1034 590 θνήσκοντι
1055 519 1440 594 συντεθνάναι
1461 519 1610 594 EQ&
1630 518 1772 585 πρὸς

6 622 28 656 ⁵
65 611 168 662 τοῦ
205 609 502 677 δαιμονίου
540 608 927 674 καθείμαρται.
960 598 986 650 :ss
1006 603 1149 673 πρὸς
1186 604 1362 658 ταῦτα
1401 603 1430 658 ὁ
1470 601 1765 678 Ἑζδάσπης,
1787 604 1858 658 20

66 691 224 748 οὔπω
263 696 378 745 τῶν
417 690 600 746 ὄντων
640 690 918 760 ἐπήβολος
954 691 1273 759 γινόμενος,
1314 690 1529 744 ἐπαινῶ
1564 689 1668 759 μέν
1706 703 1771 742 σε

65 780 162 849 τῆς
188 779 644 847 φιλανθρωπίας,
672 769 718 828 ὦ
743 775 1019 845 θύγατερ,
1060 776 1185 843 ἔφη,
1219 773 1381 839 ξένον
1407 772 1502 828 καὶ
1515 771 1773 843 1’Έλληνα

65 860 161 917 καὶ
184 862 356 932 ἥλικα
396 860 489 915 καὶ
527 861 991 930 συναιχμάλωτον
1030 858 1125 914 καὶ
1175 859 1491 935 συνήθειαν
1530 856 1671 929 πρὸς
1710 859 1773 912 σὲ

66 947 168 1018 τὴν
209 949 272 1002 ἐκ
309 950 407 1017 τῆς
446 948 713 1016 ἐκδημίας
741 946 1085 1016 κὲςτημένον
1112 947 1364 1014 χρησταῖς
1391 946 1774 998 κατελεοῦσαν

10 1046 54 1080 10
69 1033 162 1087 καὶ
203 1031 531 1103 περισώζειν
580 1019 950 1085 ἑπινοοῦσαν·
1004 1028 1126 1083 ἀλλ’
1167 1028 1270 1082 οὐκ
1318 1032 1472 1083 ἔστιν
1510 1028 1662 1091 ὅπως
1699 1026 1774 1081 ἂν

70 1119 286 1180 ἐκεῖνος
326 1118 640 1187 ἐξαιρεθείη
679 1121 775 1185 τῆς
816 1116 1146 1183 ἱερουργίας.
1214 1114 1397 1178 ἄλλως
1421 1134 1481 1168 τε
1517 1113 1627 1183 γάρ
1666 1111 1773 1166 οὐκ

70 1202 266 1272 εὐαγὲς
302 1200 625 1255 παντάπασι
663 1203 1082 1270 περιγραφῆναι
1125 1197 1188 1252 τὸ
1245 1200 1485 1268 πάτριον
1523 1202 1621 1268 τῆς
1657 1200 1772 1250 τών

70 1290 366 1342 ἐπινικίων
390 1289 622 1348 θυσίας·
663 1284 756 1338 καὶ
784 1282 894 1353 ἅμα
921 1282 1044 1337 οὐδ’
1076 1283 1148 1338 ἂν
1185 1281 1213 1338 ὁ
1250 1285 1424 1354 δῆμος
1450 1283 1770 1353 άνάσχοιτο,

68 1374 231 1442 μόλις
255 1374 349 1425 καὶ
375 1364 515 1440 πρὸς
550 1369 651 1439 τὴν
680 1370 770 1424 ἐπὶ
808 1367 895 1422 σοὶ
935 1370 1295 1439 συγχώρησιν
1320 1372 1477 1422 θεῶν
1513 1366 1773 1438 εὐμενείᾳ

11 1470 56 1505 1⁵
70 1458 340 1526 κινηθείς.
372 1440 422 1525 γ,[Ῐὴ
445 1454 513 1525 δὴ
542 1447 650 1509 οὖν
670 1457 993 1523 Χαρίκλεια,
1023 1446 1067 1507 ὦ
1092 1457 1348 1523 βασιλεῦ,
1378 1457 1507 1524 ἔφη,
1538 1451 1773 1522 (πατέρα

69 1542 177 1612 γάρ
206 1555 269 1595 σε
295 1530 490 1594 καλεῖν
516 1540 652 1609 τάχα
681 1538 784 1592 οὐκ
814 1529 1137 1609 έγγῖ’νεται,)
1179 1541 1231 1593 εί
1263 1540 1367 1610 μὲν
1394 1540 1463 1609 δὴ
1489 1544 1649 1592 θεῶν
1676 1536 1773 1591 εὕ-

68 1629 264 1697 μενείᾳ
298 1629 459 1695 σῶμα
503 1623 716 1694 τούμὸν
751 1625 1174 1693 περισέσωσται,
1224 1627 1321 1694 τῆς
1360 1622 1534 1693 αὐτῆς
1569 1618 1641 1676 ἄν
1674 1623 1771 1692 γέ-

69 1730 225 1764 νοιτο
265 1708 552 1779 εὐμενείας
590 1709 683 1762 καὶ
720 1707 824 1778 τήν
864 1708 1005 1778 ἐμήν
1046 1709 1168 1778 ἐμοὶ
1212 1712 1523 1780 περισῶσαι
1562 1708 1771 1777 ψυχήν,

67 1794 143 1863 ἣν
169 1792 397 1864 άληθῶς
423 1790 574 1847 εἷναί
591 1813 684 1863 μοι
710 1795 898 1864 ψυχὴν
925 1794 1340 1857 ε’πικλώσαντες
1366 1799 1571 1847 ἴσασιν.
1625 1795 1676 1847 εἰ
1710 1794 1772 1846 δὲ

14 1883 239 1934 ἳοτοῦτο
279 1877 596 1948 ἀβούλητον
631 1882 854 1947 μοίραις
889 1876 1225 1948 εὑρίσκοιτο,
1266 1880 1359 1933 καὶ
1398 1879 1587 1948 δεήσει
1625 1879 1773 1931 πάν-

72 1983 179 2028 τως
216 1962 282 2017 τά
323 1964 500 2032 ἱερεῖα
538 1966 814 2033 κοσμῆσαι
865 1965 1292 2033 σφαγιασθέντα
1331 1965 1432 2018 τὸν
1471 1964 1660 2033 ξένον,
1712 1964 1774 2017 ἓν

68 2051 212 2117 γοῦν
249 2067 344 2117 μοι
382 2051 721 2117 χαρίσασθαι
760 2051 993 2103 νεῦσον·
1038 2046 1215 2118 αὐτήν
1253 2068 1320 2119 με
1358 2051 1630 2102 κέλευσον
1667 2044 1772 2100 αὐ-

68 2136 378 2202 τουργῆσαι
404 2131 466 2186 τὸ
495 2137 673 2203 θῦμα,
713 2128 907 2227 καὶζτό
937 2135 1096 2202 ξίφος
1123 2131 1198 2197 ώς
1224 2136 1515 2204 κειμήλιον
1543 2131 1773 2202 δεξαμέ-

69 2215 219 2314 νην)
237 2220 613 2286 περίβλεπτον
671 2218 758 2272 ἐπ’
816 2216 1049 2289 ἀνδρεία
1103 2218 1242 2289 παρ’
1294 2220 1573 2283 Αἰθίοψιν
1630 2215 1773 2270 α’να-

0 2298 59 2350 ‘25
76 2300 382 2371 δειχθῆναι.

176 2387 569 2456 διαταραχθεὶς
614 2388 676 2440 δὲ
723 2386 865 2457 πρὸς
909 2391 1085 2442 ταῦτα
1125 2389 1153 2442 ὁ
1184 2385 1478 2460 Ὑδάσπης,
1533 2386 1659 2442 ἀλλ’
1700 2386 1769 2440 οὐ
1788 2383 1855 2437 21

72 2473 302 2540 συνίημι
339 2470 461 2540 μέν,
514 2474 640 2542 ἔφη,
676 2469 965 2554 τῂν-πρὸς
1004 2474 1235 2527 ἐναντία
1274 2490 1380 2527 σου
1417 2474 1512 2543 τῆς
1547 2473 1773 2543 γνώμης

26 2555 407 2643 -μεταρολήν,
447 2553 652 2624 ἀρτίως
688 2557 792 2627 μὲν
819 2556 1220 2626 ὑπερασπίζειν
1246 2562 1348 2612 τοῦ
1374 2559 1538 2623 ξένου
1565 2577 1772 2626 πειρω-

69 2638 255 2708 μένης,
293 2641 426 2692 νυνὶ
465 2640 527 2694 δὲ
566 2638 641 2704 ὦς
676 2644 950 2710 πολεμίου
988 2642 1140 2706 τινὸς
1165 2641 1463 2714 αὐτόχειρα
1503 2643 1772 2711 γενέσθαι

15 2722 526 2801 ωπαρακαλούσης.
591 2723 717 2778 ἀλλ’
746 2724 879 2780 οὐδὲ
908 2727 1117 2796 σεμνόν
1141 2749 1195 2781 τι
1221 2726 1311 2781 καὶ
1342 2728 1624 2792 ἐπίδοξον,
1667 2724 1772 2778 ὅσα

70 2822 135 2872 γε
171 2806 313 2876 πρὸς
339 2808 401 2861 σὲ
427 2806 521 2861 καὶ
546 2808 649 2878 τήν
676 2808 785 2879 σήν
811 2804 1055 2880 ἡλικίαν,
1099 2813 1281 2881 ἐνορῶ
1307 2815 1373 2881 τῇ
1403 2810 1613 2880 πράξει.
1678 2807 1773 2861 καὶ

70 2891 275 2943 τούτου
296 2891 356 2944 δὲ
383 2890 563 2960 ὄντος,
605 2892 668 2946 τό
696 2895 946 2948 δυνατὸν
973 2893 1077 2949 οὐκ
1106 2899 1248 2950 ἔστι·
1291 2898 1486 2965 μόνοις
1511 2893 1619 2963 γὰρ
1658 2902 1773 2955 τοῖς
