1916 3132
71 2087 138 2137 14

155 78 227 131 50
810 85 1191 132 ΔΕΥΤΕΡΟΝ

159 219 403 286 μετιέναι
439 219 573 281 τοὺς
611 222 926 289 πολεμιόυς.
1005 219 1098 274 καὶ
1136 220 1286 275 οὕτω
1324 225 1522 290 κρίνας
1562 224 1854 294 ἐφίσταται

158 313 274 366 τοῖς
299 302 443 372 ἀμφὶ
480 303 580 356 τὸν
608 306 911 372 Θεαγένην,
953 304 1153 374 ἄγριόν
1179 326 1238 360 τε
1264 309 1358 360 καὶ
1383 307 1560 377 τραχὺ
1585 326 1851 379 περισκο-

158 390 300 456 πῶν,
340 389 432 441 καὶ
467 390 528 442 τὸ
557 388 949 457 κρυπτόμενον
974 391 1231 461 βούλημα
1258 396 1355 461 τῆς
1379 397 1558 463 ψυχῆς
1583 397 1658 464 τῷ
1683 394 1852 464 βλέμ-

158 493 288 542 ματι
317 473 710 543 καταμηνύων.
751 477 809 527 οἳ
827 475 888 526 δὲ
916 471 988 537 ὣς
1015 471 1169 528 εἶδον
1188 474 1372 544 ἄνδρα
1392 476 1612 547 γυμνὸν
1631 476 1853 545 ἀπροσ-

158 558 401 626 δόκητον
438 562 807 628 τραυματίαν,
848 559 1245 629 φονῶνταίτὴν
1281 557 1432 629 ὄψιν,
1471 560 1505 631 ἦ
1543 563 1647 631 μὲν
1671 566 1851 631 Χαρί-

157 647 317 695 κλεια
356 641 447 695 καὶ
488 642 629 709 πρὸς
667 641 732 695 τά
772 643 1063 712 κοιλότερα
1090 648 1194 698 τοῦ
1220 649 1501 715 σπηλαίου
1528 647 1848 715 κατεδύετο,

155 727 295 795 τάχα
333 729 435 796 μὲν
475 727 567 780 καὶ
608 726 1007 797 εὐλαβηθεῖσα,
1048 730 1220 783 πλέον
1259 731 1319 784 δὲ
1360 728 1467 799 ἄρα
1508 744 1852 800 καταισχυν-

154 815 323 864 θεῖσα
370 811 472 881 τὴν
519 812 742 882 γυμνὴν
790 812 882 866 καὶ
933 812 1034 866 οὐκ
1084 811 1399 883 εὐσχήμονα
1437 820 1538 868 τοῦ
1576 817 1852 886 φανέντος

155 893 306 964 ὄψιν,
345 895 374 948 ὁ
409 898 469 949 δὲ
498 898 746 965 Κνήμων
780 896 957 966 ἠρέμα
995 898 1087 951 καὶ
1125 898 1524 969 ὑπεδίδρασκε,
1563 902 1851 970 γνωρίζων

155 985 258 1051 μὲν
293 979 391 1033 τὸν
421 984 764 1051 Θέρμουθιν,
804 979 952 1050 ὁρῶν
989 983 1049 1035 δὲ
1087 983 1219 1051 παρ’
1254 984 1472 1051 ἐλπίδα,
1513 988 1611 1037 καί
1644 1005 1698 1036 τι
1734 988 1849 1037 τῶν

154 1066 526 1134 ἀτοπωτέρων
565 1064 736 1120 αὐτὸν
778 1066 1123 1135 ἐγχειρήσειν
1162 1069 1512 1133 προσδοκῶν.
1575 1066 1716 1121 ἀλλὰ
1752 1066 1852 1121 τὸν

159 1150 446 1219 Θεαγένην
482 1149 549 1203 οὐ
588 1150 959 1220 κατέπληττεν
998 1149 1030 1221 ἡ
1068 1153 1173 1204 θέα
1210 1156 1427 1221 μᾶλλον
1461 1150 1499 1222 ἦ
1525 1139 1847 1220 παρωξυνεῖ

155 1239 248 1288 καὶ
275 1237 340 1288 τό
363 1255 421 1288 τε
450 1236 608 1305 ξίφος
636 1235 1022 1288 ἐπανετείνετο
1050 1233 1123 1299 ὠς
1150 1238 1411 1301 πατάξων
1439 1243 1492 1290 εἴ
1521 1258 1572 1290 τι
1599 1236 1850 1306 παράλο-

154 1342 258 1390 γον
288 1321 580 1390 ἐγχειροίη,
610 1314 1120 1389 καὶῃστῆθιΨέλεγεν
1146 1313 1409 1403 οὗτος,,,7’]1
1433 1321 1699 1391 βεβλήσῃ.
1731 1322 1842 1387 »βέ-

154 1409 358 1475 βλησαι
386 1407 447 1459 δὲ
474 1404 717 1473 οὐδέπω,
758 1405 901 1459 διότι
929 1421 991 1459 σε
1018 1406 1111 1458 καὶ
1139 1402 1278 1459 κατα
1303 1404 1507 1474 μικρὸν
1550 1405 1847 1474 ἐγνώρισα,

156 1491 250 1544 καὶ
287 1491 420 1551 τέως
462 1488 775 1558 ἀμφίβολος
812 1489 963 1559 ἥκεις
991 1488 1095 1560 τὴν
1121 1481 1389 1560 γνώμην(Χ
1432 1492 1606 1543 ἐδεῖτο
1633 1488 1848 1543 ὑποπε-

155 1574 273 1627 σων
313 1572 340 1626 ὁ
371 1572 722 1643 Θέρμουθις,
765 1575 944 1644 ἱκέτης
985 1577 1047 1628 ἐκ
1086 1580 1186 1627 τοῦ
1214 1579 1418 1645 καιροῦ
1444 1577 1661 1643 μᾶλλον
1685 1569 1722 1642 ἢ
1748 1576 1849 1627 τοῦ

154 1660 367 1728 τρόπου
405 1659 726 1726 γινόμενος,
767 1657 983 1712 καὶτὸν
1016 1659 1296 1728 Κνήμωνα
1334 1657 1474 1727 πρὸς
1513 1659 1846 1726 ἐπικουρίαν

156 1745 498 1811 ἐπεκαλεῖτο,
528 1746 620 1795 καὶ
647 1743 921 1809 σώζεσθαι
950 1745 1166 1805 δίκαιος
1193 1741 1335 1796 εἶναι
1361 1742 1500 1812 πρὸς
1526 1740 1702 1795 αὐτὸν
1727 1744 1848 1795 ἔλε-

153 1848 272 1897 γεν,
313 1826 529 1880 ἀδικεῖν
569 1847 624 1880 τε
663 1827 834 1881 οὐδὲν
873 1828 965 1880 καὶ
1004 1831 1118 1880 τῶν
1152 1832 1359 1897 φιλίων
1397 1830 1473 1889 εἰς
1498 1826 1604 1896 τὴν
1631 1829 1846 1895 παρελ-

153 1916 376 1966 θοῦσαν
395 1909 606 1980 ἡμέραν
624 1916 965 1981 γεγενῆσθαι
995 1912 1087 1964 καὶ
1116 1911 1265 1980 παρά
1295 1915 1499 1979 φίλους
1527 1911 1690 1981 ἥκειν
1721 1912 1839 1964 δια-

154 1997 489 2066 τεινόμενος.

263 2080 533 2133 ἐπεκλὸιτο
581 2082 723 2148 πρὸς
767 2083 941 2133 ταῦτα
990 2078 1019 2132 ὁ
1055 2080 1321 2149 Κνήμων,
1370 2081 1463 2133 καὶ
1510 2076 1846 2148 προσελθών

154 2163 424 2233 ἀνέστησέ
447 2185 503 2216 τε
531 2169 644 2218 τῶν
669 2168 926 2233 γονάτων
955 2164 1222 2233 ἐχόμενον
1247 2168 1349 2217 τοῦ
1371 2165 1714 2233 Θεαγένους,
1752 2162 1846 2215 καὶ

122 2251 266 2325 ,ποῦ
293 2242 893 2315 Θύαμιςέπυνθάνετο
920 2252 1181 2317 συνεχῶς.
1240 2246 1272 2301 ὃ
1307 2249 1368 2301 δὲ
1408 2250 1590 2302 πάντα
1629 2251 1842 2316 ἔλεγεν,

1879 1011 1916 1044 10

1880 1431 1916 1465 15

1874 1851 1916 1887 20

155 2332 226 2395 ὣς
265 2333 572 2402 συνέρραξε
610 2344 725 2397 τοῖς
763 2335 1070 2403 πολεμίοις,
1119 2331 1195 2397 ὠς
1233 2331 1493 2402 ἐμβαλών
1532 2334 1608 2394 εἰς
1642 2333 1847 2401 μέσους
1898 2372 1901 2373 ⁷

156 2418 387 2488 ἐμάχετο
416 2417 547 2471 οὔτε
575 2418 808 2472 ἐκείνων
834 2416 964 2471 οὔτε
991 2418 1194 2472 ἑαυτοῦ
1221 2419 1572 2486 φειδόμενος,
1602 2413 1675 2478 ὡς
1703 2415 1845 2486 ἀνῄ-

156 2523 241 2569 ρει
266 2504 370 2571 μὲν
398 2501 482 2555 ἀεὶ
507 2501 607 2555 τὸν
632 2501 744 2554 ὑπὸ
769 2513 956 2571 χεῖρας
980 2502 1300 2571 γινόμενον,
1342 2503 1742 2569 ἐδορυφορεῖτο
1781 2500 1844 2554 δὲ

155 2585 322 2648 αὐτὸς
357 2584 465 2638 ἀπὸ
492 2586 846 2655 κηρύγματος
872 2588 1054 2639 πάντα
1080 2585 1204 2639 τινὰ
1234 2586 1517 2654 Θυάμιδος
1543 2586 1843 2654 φείδεσθαι

155 2674 611 2741 παρεγγυῶντος·
654 2674 746 2723 καὶ
782 2672 936 2733 τέλος
963 2669 1035 2733 ὠς
1063 2671 1271 2732 ἐκεῖνος
1297 2672 1400 2739 μὲν
1427 2669 1457 2722 ὅ
1481 2691 1532 2722 τι
1558 2672 1650 2722 καὶ
1675 2672 1837 2737 γέγο-

154 2776 253 2809 νεν
291 2753 396 2808 οὐκ
435 2757 548 2822 ἔχοι
595 2756 796 2822 λέγειν,
847 2754 1014 2818 αὐτὸς
1052 2756 1112 2808 δὲ
1151 2758 1490 2824 τραυματίας
1528 2753 1838 2822 ἀπενήξατο

152 2835 294 2908 πρὸς
319 2839 423 2908 τὴν
446 2842 572 2907 γῆν,
614 2840 705 2891 καὶ
733 2839 794 2892 τὸ
824 2840 1009 2910 παρόν
1036 2838 1175 2893 κατὰ
1201 2839 1424 2910 ζήτησιν
1449 2838 1576 2908 ἥκοι
1611 2842 1708 2906 τῆς
1735 2839 1838 2890 Θί-

1866 2693 1909 2729 30
