1916 3132
667 133 797 181 CAP.
827 131 1255 179 XXVI-xxvml
1702 128 1812 182 245

103 253 247 312 'rime
301 257 620 326 inhiansque
673 258 790 309 toto
843 254 988 308 filiae
1035 253 1361 324 patrimonio
1412 251 1711 306 inminebat
1757 254 1814 305 et
1851 300 1854 303 A

115 331 293 402 capiti.
355 349 481 402 ergo
515 332 686 383 certa<
689 329 1063 382 defunctorum
1094 327 1641 455 liberorumffimatres'
1645 330 1813 379 mater

117 406 371 460 scelerata
381 406 445 458 <h
476 405 732 463 reditates
764 403 1031 474 excipere,
1060 403 1224 456 talem
1255 421 1382 472 pare
1421 405 1531 455 tem
1560 400 1813 471 praebuit

117 480 329 551 qualem
369 499 396 534 0
474 479 682 532 ibuerat
726 496 948 531 uxorem
992 478 1323 547 prandioque
1371 478 1672 529 commento
1710 493 1811 544 pro

61 577 94 611 5
118 559 358 625 tempore
390 557 445 607 et
475 571 696 606 uxorem
722 552 916 605 medici
956 552 1119 605 simul
1150 555 1205 605 et
1237 570 1390 604 suam
1412 550 1582 603 filiam
1604 567 1812 603 ueneno

118 629 302 683 eodem
333 628 579 698 percutit.
657 627 750 680 sed
780 626 1036 696 paruulae
1069 626 1285 696 quidem
1317 629 1532 679 tenuem
1563 624 1814 709 spiritum

117 706 172 757 et
211 703 435 756 delicata
472 720 533 755 ac
567 705 751 755 tenera
787 701 1100 770 praecordia
1139 701 1354 754 conficit
1384 699 1632 769 protinus
1662 698 1815 751 uirus

117 777 389 847 infestum,
428 780 484 829 at
521 795 658 829 uxor
695 775 912 845 medici,
960 775 1087 828 dum
1126 775 1303 827 noxiis
1343 771 1660 844 ambagibus
1698 771 1815 842 pul·

115 870 301 905 mones
356 851 470 904 eius
523 853 763 920 pererrat
824 853 1117 919 tempestas
1176 848 1508 902 detestabilis
1560 847 1816 918 potioniS‚

48 947 95 981 ιο
116 926 351 996 primum
391 926 661 994 suspicata
700 924 843 994 quod
882 943 967 977 res
999 927 1127 993 erat,
1166 942 1292 976 mox
1324 925 1586 993 urguente
1617 921 1814 991 spiritu

117 1001 224 1053 iam
265 1003 408 1053 certo
449 1001 645 1052 certior
683 999 959 1051 contendit
997 999 1064 1051 ad
1098 999 1269 1067 ipsam
1302 997 1563 1067 praesidis
1595 997 1833 1049 domum*

117 1091 420 1144 magnoque
457 1074 618 1126 fidem
654 1073 769 1126 eius
800 1076 1098 1142 protestata
1129 1072 1358 1125 clamore
1390 1075 1445 1125 et
1474 1071 1662 1141 populi
1695 1089 1816 1123 con-

119 1149 285 1203 citato
325 1147 578 1218 tumultU,
616 1151 805 1217 utpote
844 1151 955 1200 tam
995 1147 1251 1200 immania
1290 1147 1564 1199 detectura
1593 1145 1818 1215 flagitia,

121 1223 287 1277 efficit
334 1223 518 1275 statim
558 1222 662 1275 sibi
709 1222 871 1275 simul
916 1224 971 1274 et
1017 1222 1207 1274 domus
1254 1224 1308 1274 et
1354 1239 1509 1273 aures
1555 1219 1817 1289 praesidis

53 1318 96 1352 15
120 1297 446 1367 patefierent.
509 1297 721 1366 iamque
762 1297 827 1349 ab
868 1297 985 1365 ipso
1026 1296 1243 1349 exordio
1276 1295 1673 1348 crudelissimae
1703 1311 1817 1346 mu-

119 1371 268 1425 lieris
307 1371 514 1425 cunctis
529 1371 927 1424 'atrocitatibus
968 1371 1254 1440 diligenter
1285 1370 1560 1439 expositiS,
1597 1371 1816 1438 repente

119 1445 316 1499 mentis
354 1445 540 1498 nubilo
573 1446 787 1498 turbine
820 1449 1065 1514 correpta
1096 1444 1441 1498 semihiantes
1475 1444 1648 1496 adhuc
1678 1462 1819 1496 com-

120 1520 317 1590 pressit
354 1520 523 1572 labias
563 1524 617 1572 et
656 1520 846 1572 attritu
879 1519 1119 1572 dentium
1128 1518 1314 1603 ‘longo
1347 1519 1575 1571 stridore
1606 1517 1817 1571 reddito

122 1598 244 1647 ante
283 1595 429 1664 ipsos
478 1594 739 1663 praesidis
778 1594 939 1663 pedes
986 1593 1245 1646 exanimis
1293 1593 1508 1646 corruit.
1577 1610 1676 1645 nec
1713 1591 1821 1661 1110,

54 1690 101 1723 20
122 1669 209 1722 uir
240 1668 478 1738 alioquin
510 1669 790 1738 exercituS‚
829 1671 940 1720 tam
971 1667 1302 1720 multiforme
1333 1667 1542 1719 facinus
1573 1634 1855 1739 efxcetrae

122 1746 416 1796 uenenatae
455 1742 710 1796 dilatione
755 1740 1013 1813 languida
1053 1760 1244 1811 passus
1282 1759 1606 1794 marcescere
1646 1740 1820 1794 confe-

123 1817 251 1870 stim
313 1817 654 1870 cubiculariis
714 1817 956 1870 mulieris
1010 1816 1263 1869 adtractis
1318 1816 1374 1868 ui
1426 1818 1819 1868 tormentorum

123 1891 406 1944 ueritatem
447 1892 586 1943 eruit
626 1891 698 1961 [p.
717 1890 839 1944 200.
855 1890 945 1960 E]
986 1894 1147 1960 atque
1186 1890 1349 1959 illam,
1386 1890 1566 1942 minus
1603 1889 1819 1958 quidem

45 1993 50 1996 ·
130 1983 291 2035 quam
314 1965 634 2034 merebatur,
658 1966 750 2018 sed
767 1966 911 2034 quod
936 1965 1131 2035 dignus
1156 1966 1423 2017 cruciatus
1448 1964 1585 2015 alius
1609 1963 1820 2033 excogi-

57 2059 102 2092 25
124 2040 228 2092 tari
266 2057 374 2092 non
412 2043 639 2109 poterat,
672 2043 812 2092 certe
843 2040 1032 2092 bestiis
1066 2039 1398 2092 obiciendam
1430 2037 1818 2106 pronuntiauit.

234 2112 515 2167 XXVIIII.
577 2113 723 2166 Talis
776 2113 1019 2166 mulieris
1069 2113 1363 2182 publicitus
1413 2112 1820 2164 matrimonium

123 2177 878 2258 confarraturus²ingentique
928 2204 1126 2271 angore
1167 2187 1362 2255 oppido
1403 2205 1693 2255 suspensus
1732 2205 1819 2238 ex-

121 2262 401 2331 pectabam
440 2262 580 2314 diem
610 2262 864 2331 muneriS,
902 2262 1115 2345 saepius
1147 2261 1363 2330 quidem
1400 2263 1631 2314 mortem
1660 2259 1819 2314 mihi·

121 2339 224 2389 met
269 2335 457 2388 uolens
508 2337 832 2389 consciscere
878 2336 1192 2404 priusquam
1240 2334 1530 2388 scelerosae
1574 2334 1818 2388 mulieris

254 2498 294 2540 2.
313 2499 340 2539 3
382 2497 556 2541 matres
587 2499 739 2541 mater
783 2495 1012 2540 scelerata
1057 2496 1222 2552 scripsi
1280 2498 1432 2540 mater
1479 2495 1710 2540 scelerata.
1757 2494 1819 2538 ΕΣ
1898 2530 1902 2536 .

123 2555 299 2598 matres
339 2554 590 2601 sceleratas
622 2556 727 2613 F¹ep
788 2557 964 2600 matres
1006 2554 1299 2622 [sceleratas]
1332 2556 1383 2599 E.
1438 2557 1614 2599 matres
1658 2567 1818 2611 super-

126 2612 262 2659 stites
295 2613 513 2672 S(auppe)
650 2620 676 2659 9
708 2615 986 2672 tempestas]
1018 2613 1115 2658 iam
1145 2615 1294 2672 pestis
1328 2615 1462 2659 Corn.
1494 2615 1572 2659 sed
1601 2614 1658 2669 cf.
1691 2613 1816 2659 Zeno

130 2672 232 2719 Ver.
264 2672 298 2717 I.
334 2677 425 2717 9.1
575 2679 635 2759 ¹10
678 2676 875 2732 urgente
918 2675 1017 2719 cdd.
1072 2673 1327 2731 languente
1373 2673 1506 2718 Corn.
1539 2674 1598 2728 cf.
1634 2677 1816 2717 179.19

126 2735 181 2776 17
220 2731 423 2776 mirbine
462 2731 567 2790 F¹qo
710 2735 923 2790 correpto
963 2733 1045 2788 qu
1196 2738 1254 2777 20
1294 2732 1526 2777 exercitus
1557 2732 1640 2789 Ρφ
1679 2733 1749 2789 (in
1780 2748 1816 2789 φ

25 2806 30 2812 ·
116 2791 268 2837 adet-r.
300 2797 388 2836 est:
424 2805 510 2848 pro
531 2733 850 2850 elxercitatus)
904 2794 1118 2836 excetrae
1150 2792 1359 2837 Elmenh.
1415 2793 1605 2836 excreta
1644 2791 1681 2835 F
1723 2792 1819 2849 (sed

123 2850 334 2916 deletum)
366 2864 449 2896 om.
476 2852 505 2895 ὃ
551 2854 766 2897 exceterfi
800 2870 836 2909 φ
970 2856 1026 2895 23
1057 2851 1145 2895 illa
1174 2852 1295 2909 Ὲφδ
1416 2855 1486 2895 28.
1506 2855 1562 2896 29
1599 2850 1819 2895 mihimet

121 2937 296 2995 Rohde,
315 2939 447 2984 Corn.
458 2957 475 2996 ;
499 2941 552 2984 in
567 2939 603 2983 F
632 2942 727 2998 fuit
767 2942 966 2985 mortem
996 2910 1044 2983 111
1067 2942 1195 2986 metu
1218 2940 1389 2987 uolen*
1420 2941 1534 2999 quid
1549 2944 1656 2998 post
1676 2939 1819 2985 uolen
