1916 3132
0 0 199 47 mv‘lm
231 16 379 66 ἕψῃ.
421 0 486 44 Α.
514 0 793 78 Δήχᾼᾳμχί)
845 27 888 35 ,,

806 94 1069 142 ΤΡΙΤΟΝ
1722 91 1788 144 87

93 233 461 303 ἐπισπωμένη.
537 233 589 285 εἰ
623 232 684 285 δὲ
722 230 828 300 χρή
866 245 956 284 σοι
994 231 1087 284 καὶ
1124 231 1575 301 παραδείγματος
1624 230 1850 305 ἕνεκα-8

91 320 265 388 λόγον
290 314 413 371 τινὰ
439 315 833 386 φυσικώτερον
860 316 1241 385 παραθέσθαι,
1279 317 1499 388 βίβλοις
1525 314 1587 367 δὲ
1616 315 1790 384 ιἐραῖς

90 413 211 468 ταῖς
247 403 376 471 περὶ
413 402 568 466 ζεόων
605 399 993 471 ἀνάγραπτον·
1046 397 1074 453 ὁ
1124 397 1425 471 χαραδριός
1450 396 1604 463 ’τοὺς
1642 401 1790 453 ἰκτε-

91 489 328 559 ριςὸντας
365 487 531 554 ἰᾶται,
570 483 664 539 καὶ
697 482 727 539 ὁ
763 488 928 539 τοῦτο
969 485 1202 554 πάσχων
1228 487 1281 539 εἰ
1302 489 1380 557 τῷ
1408 481 1584 555 ὀρνέῳ
1611 498 1787 552 προσ-

33 598 54 631 s
92 573 318 643 βλέποι,
367 568 429 623 τὸ
466 571 527 624 δὲ
565 570 764 640 φεύγει
802 570 895 624 καὶ
933 567 1347 639 ἀποστρέφεται
1384 570 1518 631 τοὺς
1556 567 1786 638 ὀφθαλ-

88 655 229 728 μούς
276 658 576 726 ε’πιμῦσαν,
625 653 694 709 ού
743 657 1027 725 φθονοῦν,
1078 651 1151 718 ὦς
1198 658 1421 708 οἴονταί
1459 674 1639 721 τινες,
1688 657 1787 722 τῆς

88 739 381 810 ὠφελείας,
421 739 548 793 ἀλλ’
577 738 662 793 ὅτι
698 739 986 808 θεώμενος
1021 741 1210 817 ἕλκειν
1248 737 1342 794 καὶ
1379 741 1672 809 μετασπᾶν
1712 740 1789 800 εἰς

87 825 290 882 ἑαυτὸν
328 824 517 893 ὥσπερ
558 825 736 896 ῥεῦμα
773 826 995 894 πέφυκε
1031 823 1340 895 τῲπᾷᾝος·
1381 822 1475 878 καὶ
1501 821 1593 877 διά
1621 827 1787 876 τοῦτο

89 913 335 966 ἐκκλίνει
373 910 633 979 καθάπερ
670 914 881 980 τρῶσιν
918 898 1264 980 τὴῖἮρασιν.
1323 912 1418 964 καὶ
1449 908 1642 979 ὄφεων
1668 905 1785 963 δὲὸ

31 1022 71 1056 10
91 992 786 1065 καλούμενοςᾛασιλίσκοξ
811 992 895 1050 ὅτι
916 999 1011 1049 καὶ
1029 995 1304 1066 πνεύματι
1328 996 1485 1066 μόνῳ
1508 995 1600 1047 καὶ
1618 995 1790 1064 βλέμ-

88 1101 220 1150 ματι
244 1084 357 1134 πᾶν
383 1078 691 1149 ἀφαυαίνει
718 1079 811 1134 καὶ
838 1083 1170 1149 λυμαίνεται
1194 1079 1259 1133 τὸ
1285 1078 1627 1147 ὐποπῖπτον,
1657 1083 1791 1140 ἴσως

86 1164 346 1235 ἀκήκοας.
404 1165 454 1218 εἰ
478 1166 540 1218 δέ
563 1184 710 1228 τινες
736 1166 829 1218 καὶ
854 1163 987 1228 τούς
1013 1166 1344 1233 φιλτάτους,
1383 1164 1476 1217 καὶ
1510 1157 1595 1226 οἷς
1632 1154 1790 1217 εὖνοι

85 1249 456 1319 τυγχάνουσι,
523 1251 1106 1318 καταβασκαίνουσιν,
1163 1248 1234 1303 οὐ
1290 1250 1394 1319 χρὴ
1450 1248 1787 1316 θαυμάζειν·

88 1334 260 1405 φύσει
295 1333 405 1403 γὰρ
444 1338 745 1404 φθονερῶς
782 1337 1002 1403 ἔχοντες
1028 1332 1131 1403 ούχ
1157 1333 1189 1386 ὃ
1213 1333 1521 1403 βούλονται
1548 1334 1783 1401 δρῶσιν,

23 1446 64 1480 15
94 1417 220 1472 ἀλλ’
262 1417 294 1471 ὃ
329 1418 633 1488 πεφύκασι.

227 1501 368 1571 πρὸς
413 1507 589 1556 ταῦτα
635 1506 840 1573 μικρὸν
879 1504 1205 1573 ἐπιστήσας,
1254 1503 1317 1558 τὸ
1357 1502 1462 1573 μὲν
1499 1501 1784 1572 ἀπόρημα,
1815 1518 1849 1571 9

87 1591 215 1656 ἔφη,
253 1586 551 1657 σοφώτατα
578 1590 671 1642 καὶ
697 1592 1073 1643 πιστικιότατα
1100 1588 1388 1651 διέλυσας·
1431 1592 1553 1642 εἴθε
1590 1587 1653 1640 δὲ
1693 1586 1788 1639 καὶ

87 1670 228 1743 αὐτὴ
255 1672 443 1726 πόθου
469 1673 601 1726 ποτὲ
625 1674 717 1726 καὶ
755 1676 959 1742 ἔρωτος
993 1679 1269 1728 αἴσθοιτο.
1329 1673 1454 1726 τότε
1493 1668 1565 1726 ἄν
1602 1669 1789 1741 ὑγιαί-

88 1777 215 1812 νειν
252 1757 446 1827 αὐτήν,
487 1755 556 1811 οὐ
593 1767 790 1812 νοσεῖν
826 1756 1130 1827 ὑπέλαβον.
1189 1755 1360 1812 οἶσθα
1397 1756 1474 1821 ὥς
1500 1757 1591 1812 ἐπὶ
1616 1759 1786 1811 τοῦτό

19 1869 61 1903 20
91 1859 155 1896 σε
180 1844 273 1896 καὶ
298 1843 670 1911 παρεκάλεσα.
720 1846 831 1897 νῦν
857 1843 918 1896 δὲ
945 1841 1115 1896 οὐδὲν
1141 1844 1265 1906 δέος
1288 1842 1362 1913 μή
1386 1846 1553 1897 τοῦτο
1576 1842 1789 1896 πέπον-

84 1933 192 1982 θεν
215 1927 249 1998 ἡ
275 1929 642 1998 μισόλεκτρος
667 1927 762 1981 καὶ
787 1925 1109 1997 ἀνέραστος,
1136 1923 1281 1982 ἀλλὰ
1302 1931 1621 1997 βασκανίαν
1640 1930 1786 1981 ἔοικε

85 2016 162 2083 τῷ
188 2011 310 2066 ὄντι
335 2022 543 2067 νοσεῖν.
584 2013 678 2066 καὶ
706 2014 881 2082 δῆλον
907 2013 981 2076 ὡς
1005 2012 1100 2066 καὶ
1124 2015 1338 2083 ταύτην
1361 2015 1625 2067 διαλῦσαι
1645 2015 1783 2082 βου-

85 2097 250 2167 λη’σῃ,
289 2100 453 2166 φίλος
477 2117 537 2151 τε
563 2095 646 2152 ὢν
672 2095 766 2150 καὶ
790 2099 858 2152 τὰ
884 2095 1069 2151 πάντα
1096 2098 1289 2166 σοφός.
1332 2099 1783 2170 ἐπηγγελλόμην,

89 2185 145 2236 εἴ
173 2202 226 2234 τι
263 2181 597 2251 πάσχουσαν
635 2184 959 2252 αἰσθοίμην,
1001 2184 1079 2246 εἰς
1116 2185 1365 2254 δύναμιν
1400 2186 1732 2254 βοηθήσειν.

25 2291 70 2325 2⁵
194 2265 287 2319 καὶ
325 2267 454 2335 περὶ
490 2266 708 2321 τούτων
746 2269 825 2321 ἔτι
852 2270 1358 2337 διασκοπουμένοις
1391 2266 1526 2339 ἡμῖν
1554 2269 1786 2338 έφίστα-
1811 2272 1873 2325 10

83 2352 178 2404 ταί
197 2370 280 2413 τις
307 2351 806 2422 ἐσπουδασμένως,
846 2345 940 2405 καὶ
978 2345 1025 2406 αἶ
1065 2351 1261 2422 ’γαθοί
1292 2368 1488 2423 φησιν,
1528 2353 1688 2424 ὑμεῖς
1725 2355 1787 2407 δὲ

83 2432 273 2504 ὥσπερ
323 2435 416 2490 ἐπὶ
461 2437 646 2506 μάχην
690 2432 726 2506 ἢ
773 2437 1021 2506 πόλεμον
1058 2437 1188 2490 ἀλλ’
1227 2436 1331 2492 ούκ
1371 2438 1612 2508 εὐωχίαν
1651 2441 1787 2508 κλη-

83 2520 298 2586 θέντες,
338 2518 486 2574 οὕτω
523 2521 777 2590 μέλλετε·
814 2517 888 2591 ἢν
926 2522 1336 2591 παρασκευάζει
1373 2525 1478 2592 μὲν
1517 2522 1547 2576 ὁ
1587 2523 1783 2578 κάλλι-

84 2617 214 2666 στος
228 2605 526 2674 Θεαγένης,
556 2604 851 2659 ἐποπτεύει
871 2606 932 2660 δὲ
967 2604 997 2661 ὁ
1021 2606 1280 2676 μέγιστος
1305 2606 1508 2677 ἥρω’ων
1524 2610 1786 2663 Νεοπτό-

29 2712 71 2747 ³0
92 2689 270 2755 λεμος.
328 2687 488 2759 δεῦρ’
517 2694 616 2758 ἴτε,
655 2691 795 2760 μηδὲ
835 2692 913 2754 εἰς
939 2690 1180 2759 ἑσπέραν
1205 2690 1267 2746 τὸ
1296 2693 1614 2761 συμπόσιον
1639 2712 1781 2762 παρ-

86 2773 291 2841 έλκετε,
330 2772 494 2842 μόνοι
527 2777 642 2828 τῶν
678 2774 908 2828 πάντων
935 2774 1388 2846 ἀπολειπόμενοι.
1435 2775 1784 2846 ’προσκύψας

85 2847 192 2910 οὖν
214 2877 310 2926 μοι
336 2856 474 2929 πρὸς
498 2857 560 2911 τὸ
587 2850 685 2921 οὖς
710 2854 740 2912 ὁ
766 2863 1078 2930 Χαρικλῆς,
1119 2855 1310 2930 οὗτος,
1352 2864 1490 2931 ἔφη,
1530 2862 1632 2931 τὴν
1671 2858 1781 2915 ἀπὸ
