1916 3132
191 74 299 127 266
514 41 522 48 ’
714 60 722 67 ”
905 74 1069 118 HBRI
1099 74 1164 118 xi

190 195 469 265 desperata
515 197 628 264 ipse
673 196 834 249 etiam
879 195 1015 248 facie
1061 194 1352 263 recreatus?³
1376 195 1674 249 oblationes
1717 196 1881 255 hone-

190 273 301 322 stas
341 271 497 339 aequi
534 271 767 339 bonique
805 270 944 322 facio
953 312 967 339 ,
1015 270 1213 339 quippe
1257 288 1377 322 cum
1416 270 1551 323 mihi
1587 270 1877 329 familiares

190 345 334 414 quod
380 345 446 396 ad
492 344 696 396 cultum
744 347 1122 413 sumptumque
1172 345 1395 414 largiter
1439 347 1747 414 suppeteret
1793 345 1879 398 de-

187 419 325 471 ferre
364 418 647 486 prospicue
688 421 974 471 curassent.

299 491 527 545 XVIIII.
567 491 781 545 Adfatis
821 493 1001 562 itaque
1041 511 1107 545 ex
1146 492 1323 545 officio
1364 491 1591 562 singulis
1625 492 1875 546 narratis·
1907 551 1910 554 ,

189 586 290 635 que
329 567 463 619 meis
491 585 711 634 propere
750 571 802 619 et
840 567 1084 636 pristinis
1125 567 1391 619 aerumnis
1424 570 1478 619 et
1507 566 1876 635 praesentibus

188 641 397 710 gaudiis
413 645 418 719 J
437 660 521 694 me
569 660 781 693 rursum
829 642 895 693 ad
942 641 1066 693 deae
1115 641 1479 710 gratissimum
1525 641 1660 694 mihi
1704 640 1876 695 refero

187 718 532 784 conspectum
551 716 875 785 aedibusque
900 715 1175 768 conductis
1199 715 1341 791 intra
1357 718 1671 784 conseptum
1687 714 1877 784 templi

185 789 1252 860 lfflsseniff‚temperari-um<mibi.-.99.12,sssss.¹⁵110
1279 790 1411 842 ‘deae
1443 789 1756 842 ministeriis
1788 788 1876 841 ad-

185 863 293 916 huc
330 864 558 933 priuatis
598 865 874 932 adpositus
914 859 1383 932 contuberniisque
1423 864 1757 916 sacerdotum
1795 863 1874 916 in·
1898 884 1916 916 1

186 938 437 990 diuiduus
489 942 542 991 et
591 939 826 991 numinis
878 939 1059 1007 magni
1105 938 1279 990 cultor
1331 937 1715 1006 inseparabilis.
1776 955 1874 990 nec

185 1012 290 1064 fuit
338 1031 446 1065 nox
499 1032 605 1065 una
653 1013 742 1065 uel
793 1013 942 1081 quies
990 1012 1170 1080 aliqua
1213 1011 1336 1064 uisu
1383 1011 1509 1064 deae
1559 1011 1874 1080 monituque

184 1087 362 1139 ieiuna
401 1087 494 1139 sed
532 1088 731 1140 crebris
771 1087 1009 1155 imperiis
1050 1086 1213 1138 sacris
1253 1086 1365 1138 suis
1403 1104 1488 1138 me
1527 1085 1634 1138 iam
1673 1084 1874 1139 dudum

186 1161 511 1214 destinatum
543 1180 685 1214 nunc
716 1161 905 1213 saltem
938 1161 1186 1213 censebat
1217 1160 1433 1212 initiari.
1497 1162 1552 1211 at
1583 1177 1682 1229 ego
1711 1177 1873 1228 quan-

185 1254 345 1304 quam
385 1236 620 1304 cupienti
659 1235 937 1288 uoluntate
976 1235 1247 1303 praeditus
1279 1238 1458 1287 tamen
1487 1233 1740 1303 religiosa
1768 1233 1872 1287 for·
1897 1253 1916 1286 1

183 1310 383 1362 midine
434 1310 764 1379 retardabar,
819 1309 962 1378 quod
1011 1309 1152 1361 enim
1202 1308 1385 1361 sedulo
1435 1311 1872 1376 percontauerm

184 1384 402 1436 difficile
449 1384 725 1454 religionis
773 1383 1089 1452 obsequium
1136 1386 1190 1436 et
1235 1375 1871 1438 castimoniorumLabsti-

182 1459 419 1511 nentiam
475 1459 605 1511 satis
660 1459 879 1510 arduam
937 1461 1199 1527 cautoque
1250 1456 1637 1525 circumspectu
1685 1456 1872 1525 uitam,

183 1551 317 1601 quae
356 1533 543 1585 multis
590 1533 801 1586 casibus
849 1532 1110 1600 subiacet,
1157 1550 1270 1584 esse
1309 1530 1665 1583 muniendam.
1739 1529 1870 1583 haec

181 1606 471 1659 identidem
504 1626 711 1659 mecum
743 1609 996 1675 reputans
1028 1606 1206 1658 nescio
1240 1623 1345 1674 quo
1377 1605 1535 1657 modo
1555 1608 1869 1674 *quanquam
1891 1622 1916 1655 8

181 1680 442 1733 festinans
483 1681 803 1733 differebam.
1575 1681 1577 1684 ’

216 1793 219 1795 -
292 1753 407 1806 XX.
453 1753 626 1807 Nocte
667 1754 894 1823 quadam
940 1754 1158 1822 plenum
1206 1753 1468 1822 gremium
1516 1770 1673 1804 suum
1717 1751 1867 1804 uisus

183 1831 266 1881 est
303 1828 453 1880 mihi
477 1847 616 1880 sum·
657 1829 728 1897 [p.
748 1827 974 1896 217.E.]
1014 1846 1134 1879 mus
1180 1827 1425 1879 sacerdos
1464 1827 1653 1878 offerre
1692 1843 1753 1878 ac
1789 1843 1867 1878 re-

182 1903 416 1971 quirenti
471 1903 600 1971 quid
652 1903 838 1971 utique
893 1901 1060 1970 istud,
1113 1901 1449 1969 respondisse
1511 1883 1719 1968 partess
1744 1898 1866 1952 illas

181 1977 245 2030 de
285 1976 561 2029 Thessalia
606 1976 740 2028 mihi
786 1976 999 2047 missas,
1046 1993 1262 2027 seruum
1283 2041 1286 2043 η
1308 1974 1469 2026 etiam
1515 1991 1693 2026 meum
1731 1972 1864 2025 indi·
1888 1993 1916 2026 81

181 2051 301 2103 dem
340 2051 711 2119 superuenisse
742 2049 967 2102 nomine*
989 2043 1298 2101 Candidum]
1357 2047 1495 2099 hanc
1526 2049 1864 2116 experrectus

179 2124 468 2194 imaginem
508 2125 599 2177 diu
639 2125 836 2193 diuque
874 2123 1015 2192 apud
1054 2122 1405 2193 cogitationes
1443 2139 1587 2174 meas
1625 2120 1864 2175 reuolue-

177 2301 343 2359 seripsi
397 2299 615 2342 diurnum
646 2299 956 2354 reducemque
991 2298 1051 2342 ab
1083 2296 1245 2341 inferis
1267 2297 1377 2363 ῥεῖά.
1434 2296 1495 2339 ad
1526 2308 1599 2339 me
1630 2293 1861 2339 festinant

178 2359 312 2415 ilico,
367 2358 635 2403 rediuiuum
677 2359 987 2413 reducemque
1034 2357 1095 2400 ab
1141 2355 1303 2400 inferis
1357 2356 1659 2412 conspectum
1703 2354 1863 2401 Rohde
1903 2398 1911 2402 -

180 2424 206 2462 2
244 2417 503 2462 familiares
535 2424 798 2474 corruptum
821 2418 1006 2461 uidetur
1029 2417 1086 2471 cf.
1107 2431 1155 2472 p.
1175 2420 1274 2460 265.
1293 2419 1349 2458 26
1419 2419 1445 2457 3
1478 2413 1604 2470 quod
1635 2413 1699 2457 ad
1728 2412 1858 2458 Stew.

178 2491 270 2533 quo
310 2478 373 2521 ad
410 2477 446 2520 F
501 2476 800 2520 coadcultum
839 2494 874 2530 φ
978 2476 1246 2531 suppeteret
1285 2473 1415 2518 Stew.
1471 2472 1764 2516 succerderet
1799 2471 1859 2515 ΕΙ

177 2539 218 2595 (r
248 2551 379 2581 erasa
394 2540 474 2591 est)
499 2536 769 2579 succederet
791 2535 827 2578 F
836 2535 898 2589 2φ
910 2537 979 2591 &g
1061 2539 1101 2578 3.
1121 2538 1149 2576 4
1173 2532 1350 2577 deferre
1367 2533 1424 2588 cf.
1445 2536 1611 2576 221.27
1689 2535 1715 2574 6
1733 2529 1856 2574 «111618

175 2609 372 2652 propere
404 2597 452 2640 et
474 2596 619 2639 Kron.
652 2594 768 2638 meis
799 2594 880 2653 do&
903 2594 984 2648 an
1022 2593 1167 2650 probe
1198 2591 1313 2635 meis
1346 2593 1394 2635 et
1425 2591 1475 2636 E.
1569 2595 1595 2633 9
1626 2588 1743 2632 mihi
1773 2589 1856 2645 Εφ

174 2654 286 2724 inde
317 2657 348 2698 ὃ
469 2659 521 2698 11
554 2653 883 2710 inseparabilis
915 2653 1015 2697 cdd.
1062 2649 1361 2708 insperabilis
1392 2650 1446 2694 E.
1569 2654 1623 2692 12
1655 2647 1787 2704 quies
1818 2647 1856 2690 F

128 2749 133 2754 ’
180 2725 292 2802 (311168
324 2768 363 2812 φ
395 2758 454 2812 cf.
487 2761 588 2802 221.
615 2761 668 2800 11
769 2761 823 2800 13
857 2755 996 2800 eiuna
1027 2755 1063 2798 F
1107 2754 1275 2799 eissuna
1307 2770 1343 2810 φ
1445 2756 1499 2796 16
1531 2751 1722 2796 retabar
1750 2749 1855 2806 F¹‹p

174 2816 414 2861 renitebar
438 2818 467 2860 ὃ
558 2821 615 2860 24
644 2814 807 2872 utique
831 2817 1078 2870 ef.168.32
1170 2818 1226 2857 25
1260 2826 1420 2857 seruus
1444 2825 1574 2855 meus
1597 2810 1656 2854 F¹
1694 2821 1855 2855 seruus
1893 2840 1895 2842 -

175 2875 320 2920 etiam
350 2875 468 2919 mihi
500 2892 536 2931 φ
