1916 3132
106 0 202 14 *w*
249 0 295 30 '7
360 0 380 28 t.
412 0 529 29 “l'‘
564 0 590 31 l
637 0 703 7 '⁷‘
768 0 856 27 >¹1¹¹
898 0 1111 36 ‘'JW'''“
1264 0 1283 12 ”
1452 0 1476 22 ‘

53 35 381 119 warsnffiv·
408 50 455 69 --ν

766 151 893 198 CAP.
926 152 1179 200 XIH—-XV
1745 155 1816 207 33

123 279 356 346 utroque
386 274 645 346 regimine
669 274 882 344 amisse,
913 293 1069 346 aegre
1102 275 1168 328 ad
1199 274 1469 329 ulterioris
1501 275 1648 345 ripae
1679 295 1816 329 mar·

127 351 309 422 ginem
360 350 575 404 detrusa
623 367 873 418 praeceps
924 350 1164 402 demersa
1209 353 1292 403 est
1338 354 1391 404 et
1428 358 1538 403 nos'
1566 351 1816 403 omnibus

128 426 340 479 amissis
390 425 484 477 uix
533 423 881 476 enatauimus.
967 425 1319 494 quodcunque
1369 425 1456 478 uel
1505 425 1814 496 ignotorum

0 497 10 543 9
128 499 469 553 miseratione
506 497 594 551 uel
626 498 919 551 amicorum
950 498 1312 552 beniuolentia
1343 500 1722 570 contraximuS‚
1761 501 1817 553 id

82 597 106 630 5
131 593 288 627 omne
325 572 653 627 latrocinalis
692 572 892 625 inuasit
930 591 1144 642 manUS‚
1184 592 1412 642 quorum
1452 574 1700 628 audaciae
1740 595 1847 633 re-,

126 666 371 719 pugnans
411 648 572 700 etiam
610 645 908 717 Arignotus
947 648 1137 700 unicus
1176 648 1343 701 frater
1380 668 1531 702 meus
1564 649 1663 702 sub
1693 650 1816 703 istis

129 723 298 776 oculis
335 722 498 775 miser
534 721 809 792 iugulatus
849 722 965 774 est.'

237 796 384 850 Haec
415 815 478 850 eo
504 796 676 849 adhuc
700 800 949 849 narrante
973 799 1178 849 maesto
1205 795 1373 850 Cerdo
1399 797 1489 850 ille
1513 799 1819 869 negotiator

127 872 385 941 correptis
424 870 717 924 nummulis
757 872 884 940 31113,
924 889 1059 940 quos
1092 871 1438 924 diuinationis
1471 873 1702 926 mercedi
1733 874 1816 927 de·

51 970 103 1005 10
126 946 442 1015 stinauerat‚
493 946 741 1033 protinus
793 914 1016 1046 aufugit.
1094 964 1154 998 ac
1194 946 1385 999 dehinc
1435 949 1564 1000 tunc
1603 948 1817 1001 demum

121 1020 430 1090 Diophanes
469 999 778 1090 expergitus
797 1013 985 1073 sensit
1023 1020 1414 1089 imprudentiae
1462 1040 1588 1075 suae
1625 1023 1818 1092 labem,

123 1113 246 1148 cum
284 1096 444 1148 etiam
483 1113 581 1147 nos
621 1095 795 1148 omnis
835 1096 1190 1148 circumsecus
1223 1096 1541 1148 adstantes
1526 1117 1582 1149 111
1614 1097 1817 1150 clarum

124 1154 442 1223 cachinnum
481 1169 688 1222 uideret
727 1170 938 1222 effusos
1016 1170 1109 1222 sed
1148 1170 1248 1222 tibi
1297 1170 1369 1239 [p.
1395 1170 1481 1222 27.
1507 1170 1594 1240 Ε]
1643 1171 1816 1241 plane,

121 1243 254 1297 Luci
294 1244 527 1313 domine,
567 1243 670 1296 soli
709 1244 950 1297 omnium
984 1243 1279 1297 Chaldaeus
1321 1244 1411 1297 ille
1443 1263 1572 1298 uera
1604 1246 1816 1316 dixerit,

54 1341 100 1375 15
124 1319 304 1388 sisque
342 1318 472 1371 felix
512 1320 566 1370 et
604 1319 706 1371 iter
746 1319 1023 1372 dexterum
1062 1304 1343 1388 porrigas.

231 1391 348 1446 XV.
402 1392 550 1446 Haec
587 1390 787 1446 Milone
828 1393 1032 1445 diutine
1070 1393 1459 1446 sermocinante
1499 1394 1694 1447 tacitus
1738 1395 1814 1447 in-

121 1467 487 1537 gemescebam
510 1467 750 1536 mihique
774 1486 882 1520 non
906 1467 1244 1520 mediocriter
1268 1468 1642 1520 suscensebam
1671 1469 1815 1538 quod

120 1541 264 1594 ultro
315 1542 533 1594 inducta
583 1542 717 1594 serie
764 1542 1208 1610 inoportunarum
1254 1542 1558 1595 fabularum
1606 1546 1815 1612 partem

120 1616 316 1668 bonam
340 1634 591 1684 uesperae
617 1616 835 1685 eiusque
860 1616 1228 1686 gratissimum
1244 1617 1479 1670 fructum
1498 1618 1814 1671 amitterem.

51 1713 98 1746 2⁰
122 1693 176 1743 et
199 1690 412 1742 tandem
431 1690 656 1759 denique
674 1690 928 1743 deuorato
953 1691 1155 1760 pudore
1188 1691 1254 1743 ad
1269 1691 1527 1744 Milonem
1545 1692 1629 1744 aio
1658 1692 1818 1746 ‘ferat

121 1783 274 1817 suam
319 1764 628 1833 Diophanes
683 1764 773 1817 ille
826 1765 1099 1818 fortunam
1158 1769 1212 1818 et
1262 1765 1434 1835 spolia
1487 1766 1814 1835 populorum

120 1857 334 1891 rursum
374 1839 612 1891 conferat
650 1840 784 1891 mari
815 1840 1016 1908 pariter
1047 1859 1107 1892 ac
1139 1843 1325 1909 terrae,
1364 1840 1499 1893 mihi
1531 1860 1659 1894 uero
1695 1842 1815 1894 fati-

121 1914 354 1982 gationis
393 1912 671 1966 hesternae
711 1915 872 1966 etiam
910 1933 1052 1967 nunc
1085 1915 1264 1968 saucio
1302 1915 1369 1967 da
1399 1915 1612 1967 ueniam
1644 1920 1815 1969 matu-

120 1987 232 2039 rius
271 1987 556 2040 concedam
597 1988 858 2041 cubitum'
899 1992 951 2041 et
990 2007 1112 2041 cum
1153 1989 1295 2042 dicto
1334 1990 1538 2042 facesso
1580 1993 1633 2042 et
1671 1991 1816 2043 cubi-

50 2082 97 2116 35
122 2060 300 2114 culum
331 2079 509 2114 meum
541 2063 802 2115 contendo
836 2066 994 2132 atque
1019 2063 1130 2116 illic
1162 2063 1497 2132 deprehendo
1536 2064 1814 2132 epularum

121 2135 496 2204 dispositiones
552 2137 682 2188 satis
736 2138 1035 2190 concinnas.
1136 2157 1259 2190 nam
1315 2142 1368 2190 et
1418 2139 1598 2207 pueris
1662 2143 1814 2192 extra

118 2209 298 2279 limen,
338 2211 491 2263 credo
524 2215 585 2263 ut
617 2211 840 2264 arbitrio
866 2213 1114 2264 nocturni
1140 2213 1394 2282 gannitus
1420 2213 1813 2284 ablegarentur,

17 2324 30 2349 ,,
120 2283 272 2336 humi
322 2303 482 2354 quam
532 2285 720 2354 procul
774 2286 1059 2339 distratum
1112 2287 1288 2339 fuerat
1343 2290 1396 2340 et
1452 2288 1817 2357 grabattulum

16 2367 20 2426 ᾗ
121 2376 300 2411 meum
338 2359 550 2412 adstitit
588 2360 830 2413 mensula
869 2380 1025 2414 cenae
1066 2362 1233 2414 totius
1271 2361 1527 2415 honestas
1560 2363 1815 2432 reliquias

54 2453 103 2486 30
127 2428 401 2485 tolerans
410 2437 463 2486 et
511 2433 698 2488 calices
743 2435 893 2505 boni,
941 2436 1047 2488 iam
1095 2435 1272 2488 infuso
1319 2436 1476 2489 latice
1525 2437 1819 2506 semipleni,

247 2597 273 2635 6
312 2592 566 2661 Arignotus
597 2595 917 2654 Junqermamz
949 2595 1182 2640 arisnotus
1215 2596 1296 2653 Fcp
1339 2595 1533 2642 Trisnor'
1568 2613 1624 2641 m.
1659 2613 1694 2653 φ
1743 2596 1819 2640 0111

127 2664 298 2695 nomen
351 2654 423 2696 est
475 2653 740 2747 arisnotush
763 2657 793 2700 ὃ
944 2660 996 2699 11
1054 2655 1345 2712 impudentis
1400 2658 1500 2701 cdd.
1557 2659 1613 2712 cf.
1666 2660 1762 2699 139.
1790 2661 1816 2700 8

132 2745 186 2783 12
219 2742 490 2797 astantesep
583 2748 638 2787 13
663 2715 853 2789 cantum
876 2761 911 2801 φ
944 2747 1074 2801 (corr.
1093 2760 1148 2788 m.
1167 2747 1271 2802 rec)
1366 2750 1420 2789 17
1452 2744 1819 2802 ingemiscebam

116 2798 226 2843 ..δΕ
322 2804 376 2843 18
401 2800 545 2860 ultro]
569 2802 694 2848 ultra
718 2805 816 2849 cdd.
909 2809 964 2848 26
989 2803 1145 2860 pueris
1171 2809 1240 2849 38.
1261 2810 1307 2861 73
1333 2810 1404 2850 43.
1423 2810 1500 2860 30;
1530 2808 1627 2847 118.
1647 2808 1673 2847 8
1697 2818 1820 2849 unus

129 2904 260 2948 modo
282 2918 440 2948 seruus
461 2905 600 2950 Lucii
614 2914 900 2963 memoratwr,
918 2909 1076 2964 plures
1098 2921 1204 2953 uero
1230 2913 1403 2954 217.16
1498 2912 1552 2951 28
1588 2907 1825 2974 distrarllffl

131 2963 381 3021 (um-qulam
404 2965 508 3008 add.
527 2980 582 3010 m.
607 2981 644 3010 r.
669 2983 696 3011 τ
720 2981 801 3012 scr.
821 2982 876 3011 m.
890 2969 981 3024 pr.)
1005 2966 1041 3009 F
1086 2966 1266 3026 distrac
1274 2970 1324 3012 tu
1349 2985 1384 3025 φ
1475 2972 1530 3010 30
1562 2966 1663 3010 bini
1687 2968 1817 3024 Lips.

224 3044 386 3078 Arvnm
409 3054 562 3079 ΜΕΤΑΜ.
587 3048 645 3081 ed.
668 3049 804 3082 Vliet
1439 3046 1464 3083 3
1490 3062 1523 3088 0
