<?xml version="1.0" encoding="UTF-8"?>
<!DOCTYPE html PUBLIC "-//W3C//DTD XHTML 1.0 Transitional//EN"
    "http://www.w3.org/TR/xhtml1/DTD/xhtml1-transitional.dtd">
<html xmlns="http://www.w3.org/1999/xhtml" xml:lang="en" lang="en">
 <head>
  <title>
</title>
<meta http-equiv="Content-Type" content="text/html;charset=utf-8" />
  <meta name='ocr-system' content='tesseract 3.04.00' />
  <meta name='ocr-capabilities' content='ocr_page ocr_carea ocr_par ocr_line ocrx_word'/>
</head>
<body>
  <div class='ocr_page' id='page_1' title='image "./aethiopicorumlib00heliuoft_0028.png"; bbox 0 0 1916 3132; ppageno 0'>
   <div class='ocr_carea' id='block_1_1' title="bbox 143 62 1130 113">
    <p class='ocr_par' dir='ltr' id='par_1_1' title="bbox 143 62 1130 113">
     <span class='ocr_line' id='line_1_1' title="bbox 143 62 1130 113; baseline 0 -1"><span class='ocrx_word' id='word_1_1' title='bbox 143 62 207 113; x_wconf 89' lang='grc'><em>18</em></span> <span class='ocrx_word' id='word_1_2' title='bbox 828 65 976 112; x_wconf 76' lang='grc' dir='ltr'><em>ΠΡΩ</em></span> <span class='ocrx_word' id='word_1_3' title='bbox 985 65 1130 112; x_wconf 89' lang='lat' dir='ltr'><em>TON</em></span> 
     </span>
    </p>
   </div>
   <div class='ocr_carea' id='block_1_2' title="bbox 141 198 1846 1031">
    <p class='ocr_par' dir='ltr' id='par_1_2' title="bbox 141 198 1846 353">
     <span class='ocr_line' id='line_1_2' title="bbox 141 198 1846 272; baseline 0.002 -18"><span class='ocrx_word' id='word_1_4' title='bbox 141 199 204 254; x_wconf 92' lang='grc' dir='ltr'><em>τό</em></span> <span class='ocrx_word' id='word_1_5' title='bbox 229 220 288 254; x_wconf 90' lang='grc' dir='ltr'><em>τε</em></span> <span class='ocrx_word' id='word_1_6' title='bbox 313 198 421 269; x_wconf 77' lang='grc' dir='ltr'><em>γὰρ</em></span> <span class='ocrx_word' id='word_1_7' title='bbox 449 200 596 254; x_wconf 77' lang='grc' dir='ltr'><em>πολὺ</em></span> <span class='ocrx_word' id='word_1_8' title='bbox 622 202 832 271; x_wconf 82' lang='grc' dir='ltr'><em>προέβη</em></span> <span class='ocrx_word' id='word_1_9' title='bbox 860 204 956 270; x_wconf 84' lang='grc' dir='ltr'><em>τῆς</em></span> <span class='ocrx_word' id='word_1_10' title='bbox 982 202 1207 271; x_wconf 88' lang='grc' dir='ltr'><em>νυκτός,</em></span> <span class='ocrx_word' id='word_1_11' title='bbox 1236 201 1329 255; x_wconf 89' lang='grc' dir='ltr'><em>καὶ</em></span> <span class='ocrx_word' id='word_1_12' title='bbox 1355 199 1489 270; x_wconf 80' lang='grc' dir='ltr'><em>ὑμῖν</em></span> <span class='ocrx_word' id='word_1_13' title='bbox 1517 205 1728 272; x_wconf 85' lang='grc' dir='ltr'><em>πολλῆς</em></span> <span class='ocrx_word' id='word_1_14' title='bbox 1753 206 1846 258; x_wconf 79' lang='grc' dir='ltr'><em>δεῖ</em></span> 
     </span>
     <span class='ocr_line' id='line_1_3' title="bbox 141 284 660 353; baseline 0.002 -15"><span class='ocrx_word' id='word_1_15' title='bbox 141 288 238 353; x_wconf 86' lang='grc' dir='ltr'><em>τῆς</em></span> <span class='ocrx_word' id='word_1_16' title='bbox 276 284 660 349; x_wconf 88' lang='grc' dir='ltr'><em>ἀναπαύσεως.</em></span> 
     </span>
    </p>

    <p class='ocr_par' dir='ltr' id='par_1_3' title="bbox 143 369 1840 693">
     <span class='ocr_line' id='line_1_4' title="bbox 251 369 1839 443; baseline 0.002 -21"><span class='ocrx_word' id='word_1_17' title='bbox 251 370 344 422; x_wconf 86' lang='grc' dir='ltr'><em>καὶ</em></span> <span class='ocrx_word' id='word_1_18' title='bbox 381 369 492 439; x_wconf 79' lang='grc' dir='ltr'><em>μὴν</em></span> <span class='ocrx_word' id='word_1_19' title='bbox 531 373 987 440; x_wconf 81' lang='grc' dir='ltr'><em>προσεπιτρίψεις</em></span> <span class='ocrx_word' id='word_1_20' title='bbox 1023 390 1086 439; x_wconf 89' lang='grc' dir='ltr'><em>γε</em></span> <span class='ocrx_word' id='word_1_21' title='bbox 1123 369 1281 440; x_wconf 79' lang='grc' dir='ltr'><em>ἡμᾶς,</em></span> <span class='ocrx_word' id='word_1_22' title='bbox 1323 374 1428 440; x_wconf 79' lang='grc' dir='ltr'><em>ἔφη</em></span> <span class='ocrx_word' id='word_1_23' title='bbox 1469 370 1497 424; x_wconf 89' lang='lat'><em>6</em></span> <span class='ocrx_word' id='word_1_24' title='bbox 1539 375 1839 443; x_wconf 79' lang='grc' dir='ltr'><em>Θεαγένης,</em></span> 
     </span>
     <span class='ocr_line' id='line_1_5' title="bbox 145 453 1840 527; baseline 0.001 -20"><span class='ocrx_word' id='word_1_25' title='bbox 145 455 196 507; x_wconf 87' lang='grc' dir='ltr'><em>εί</em></span> <span class='ocrx_word' id='word_1_26' title='bbox 227 453 332 523; x_wconf 66' lang='grc' dir='ltr'><em>τήν</em></span> <span class='ocrx_word' id='word_1_27' title='bbox 370 458 642 524; x_wconf 72' lang='grc' dir='ltr'><em>κακίστην</em></span> <span class='ocrx_word' id='word_1_28' title='bbox 669 454 1021 524; x_wconf 74' lang='grc' dir='ltr'><em>ἀτιμώρητον</em></span> <span class='ocrx_word' id='word_1_29' title='bbox 1048 455 1228 517; x_wconf 78' lang='grc' dir='ltr'><em>ἐάσεις</em></span> <span class='ocrx_word' id='word_1_30' title='bbox 1256 458 1320 509; x_wconf 86' lang='grc' dir='ltr'><em>έν</em></span> <span class='ocrx_word' id='word_1_31' title='bbox 1346 460 1421 526; x_wconf 74' lang='grc' dir='ltr'><em>τῷ</em></span> <span class='ocrx_word' id='word_1_32' title='bbox 1450 458 1596 527; x_wconf 80' lang='grc' dir='ltr'><em>λόγῳ</em></span> <span class='ocrx_word' id='word_1_33' title='bbox 1615 466 1840 527; x_wconf 31' lang='lat' dir='ltr'><strong><em>‘Qat-</em></strong></span> 
     </span>
     <span class='ocr_line' id='line_1_6' title="bbox 144 533 1837 610; baseline 0.002 -19"><span class='ocrx_word' id='word_1_34' title='bbox 144 540 325 608; x_wconf 85' lang='grc' dir='ltr'><em>νέτην.</em></span> <span class='ocrx_word' id='word_1_35' title='bbox 379 534 592 592; x_wconf 79' lang='grc' dir='ltr'><em>ου’κοῦν</em></span> <span class='ocrx_word' id='word_1_36' title='bbox 619 538 868 592; x_wconf 78' lang='grc' dir='ltr'><em>ἀκούοιτ’</em></span> <span class='ocrx_word' id='word_1_37' title='bbox 898 538 985 609; x_wconf 69' lang='grc' dir='ltr'><em>ἄν,</em></span> <span class='ocrx_word' id='word_1_38' title='bbox 1027 543 1133 609; x_wconf 83' lang='grc' dir='ltr'><em>ἔφη</em></span> <span class='ocrx_word' id='word_1_39' title='bbox 1174 539 1202 593; x_wconf 98' lang='lat'><em>6</em></span> <span class='ocrx_word' id='word_1_40' title='bbox 1229 542 1495 610; x_wconf 81' lang='grc' dir='ltr'><em>Κνήμων,</em></span> <span class='ocrx_word' id='word_1_41' title='bbox 1537 533 1837 610; x_wconf 63' lang='grc' dir='ltr'><em>ἐπειδήπερ</em></span> 
     </span>
     <span class='ocr_line' id='line_1_7' title="bbox 143 621 691 693; baseline 0.002 -17"><span class='ocrx_word' id='word_1_42' title='bbox 143 621 278 693; x_wconf 79' lang='grc' dir='ltr'><em>ὑμῖν</em></span> <span class='ocrx_word' id='word_1_43' title='bbox 316 622 463 678; x_wconf 82' lang='grc' dir='ltr'><em>οὕτω</em></span> <span class='ocrx_word' id='word_1_44' title='bbox 505 627 691 692; x_wconf 81' lang='grc' dir='ltr'><em>φίλον.</em></span> 
     </span>
    </p>

    <p class='ocr_par' dir='ltr' id='par_1_4' title="bbox 142 704 1840 1031">
     <span class='ocr_line' id='line_1_8' title="bbox 253 704 1840 779; baseline 0 -17"><span class='ocrx_word' id='word_1_45' title='bbox 253 708 361 777; x_wconf 74' lang='grc' dir='ltr'><em>ἐγώ</em></span> <span class='ocrx_word' id='word_1_46' title='bbox 401 710 504 779; x_wconf 79' lang='grc' dir='ltr'><em>μὲν</em></span> <span class='ocrx_word' id='word_1_47' title='bbox 543 706 617 770; x_wconf 78' lang='grc' dir='ltr'><em>ὡς</em></span> <span class='ocrx_word' id='word_1_48' title='bbox 656 704 806 778; x_wconf 79' lang='grc' dir='ltr'><em>εἶχον</em></span> <span class='ocrx_word' id='word_1_49' title='bbox 843 707 978 778; x_wconf 86' lang='grc' dir='ltr'><em>μετά</em></span> <span class='ocrx_word' id='word_1_50' title='bbox 1016 707 1120 778; x_wconf 81' lang='grc' dir='ltr'><em>τήν</em></span> <span class='ocrx_word' id='word_1_51' title='bbox 1156 713 1342 779; x_wconf 79' lang='grc' dir='ltr'><em>κρίσιν</em></span> <span class='ocrx_word' id='word_1_52' title='bbox 1370 711 1446 772; x_wconf 82' lang='grc' dir='ltr'><em>εἰς</em></span> <span class='ocrx_word' id='word_1_53' title='bbox 1470 709 1568 762; x_wconf 88' lang='grc' dir='ltr'><em>τὸν</em></span> <span class='ocrx_word' id='word_1_54' title='bbox 1598 715 1840 778; x_wconf 71' lang='grc' dir='ltr'><em>Πειραιοῖ</em></span> 
     </span>
     <span class='ocr_line' id='line_1_9' title="bbox 143 790 1839 863; baseline -0.001 -16"><span class='ocrx_word' id='word_1_55' title='bbox 143 795 403 863; x_wconf 82' lang='grc' dir='ltr'><em>κατέβην,</em></span> <span class='ocrx_word' id='word_1_56' title='bbox 443 794 532 846; x_wconf 82' lang='grc' dir='ltr'><em>καὶ</em></span> <span class='ocrx_word' id='word_1_57' title='bbox 572 790 711 855; x_wconf 71' lang='grc' dir='ltr'><em>νεώς</em></span> <span class='ocrx_word' id='word_1_58' title='bbox 750 791 1098 862; x_wconf 87' lang='grc' dir='ltr'><em>ἀναγομένης</em></span> <span class='ocrx_word' id='word_1_59' title='bbox 1126 793 1404 863; x_wconf 77' lang='grc' dir='ltr'><em>ἐπιτυχών</em></span> <span class='ocrx_word' id='word_1_60' title='bbox 1430 793 1529 847; x_wconf 85' lang='grc' dir='ltr'><em>τὸν</em></span> <span class='ocrx_word' id='word_1_61' title='bbox 1554 794 1735 847; x_wconf 80' lang='grc' dir='ltr'><em>πλοῦν</em></span> <span class='ocrx_word' id='word_1_62' title='bbox 1764 795 1839 855; x_wconf 84' lang='grc' dir='ltr'><em>εἰς</em></span> 
     </span>
     <span class='ocr_line' id='line_1_10' title="bbox 143 875 1837 948; baseline -0.001 -17"><span class='ocrx_word' id='word_1_63' title='bbox 143 883 386 946; x_wconf 79' lang='grc' dir='ltr'><em>Αἴγιναν</em></span> <span class='ocrx_word' id='word_1_64' title='bbox 425 877 755 947; x_wconf 81' lang='grc' dir='ltr'><em>ἐποιούμην,</em></span> <span class='ocrx_word' id='word_1_65' title='bbox 797 876 1065 941; x_wconf 77' lang='grc' dir='ltr'><em>ἀνεψιούς</em></span> <span class='ocrx_word' id='word_1_66' title='bbox 1101 875 1251 932; x_wconf 81' lang='grc' dir='ltr'><em>εἶναί</em></span> <span class='ocrx_word' id='word_1_67' title='bbox 1269 899 1364 946; x_wconf 91' lang='grc' dir='ltr'><em>μοι</em></span> <span class='ocrx_word' id='word_1_68' title='bbox 1389 883 1486 948; x_wconf 83' lang='grc' dir='ltr'><em>τῆς</em></span> <span class='ocrx_word' id='word_1_69' title='bbox 1511 876 1718 948; x_wconf 85' lang='grc' dir='ltr'><em>μητρὸς</em></span> <span class='ocrx_word' id='word_1_70' title='bbox 1746 879 1837 930; x_wconf 77' lang='grc' dir='ltr'><em>ἑν·</em></span> 
     </span>
     <span class='ocr_line' id='line_1_11' title="bbox 142 961 1835 1031; baseline -0.001 -15"><span class='ocrx_word' id='word_1_71' title='bbox 142 966 327 1016; x_wconf 85' lang='grc' dir='ltr'><em>ταῦθα</em></span> <span class='ocrx_word' id='word_1_72' title='bbox 358 962 806 1031; x_wconf 86' lang='grc' dir='ltr'><em>πυνθανόμενος.</em></span> <span class='ocrx_word' id='word_1_73' title='bbox 866 964 1110 1031; x_wconf 75' lang='grc' dir='ltr'><em>κατάρας</em></span> <span class='ocrx_word' id='word_1_74' title='bbox 1142 964 1201 1016; x_wconf 80' lang='grc' dir='ltr'><em>δὲ</em></span> <span class='ocrx_word' id='word_1_75' title='bbox 1243 964 1334 1015; x_wconf 83' lang='grc' dir='ltr'><em>καὶ</em></span> <span class='ocrx_word' id='word_1_76' title='bbox 1376 961 1505 1025; x_wconf 81' lang='grc' dir='ltr'><em>τούς</em></span> <span class='ocrx_word' id='word_1_77' title='bbox 1544 964 1835 1031; x_wconf 81' lang='grc' dir='ltr'><em>ἐπιζητου-</em></span> 
     </span>
    </p>
   </div>
   <div class='ocr_carea' id='block_1_3' title="bbox 1869 970 1911 1004">
    <p class='ocr_par' dir='ltr' id='par_1_5' title="bbox 1869 970 1911 1004">
     <span class='ocr_line' id='line_1_12' title="bbox 1869 970 1911 1004; baseline 0.024 -1"><span class='ocrx_word' id='word_1_78' title='bbox 1869 970 1911 1004; x_wconf 83' lang='grc'><em>10</em></span> 
     </span>
    </p>
   </div>
   <div class='ocr_carea' id='block_1_4' title="bbox 143 1045 1880 1118">
    <p class='ocr_par' dir='ltr' id='par_1_6' title="bbox 143 1045 1880 1118">
     <span class='ocr_line' id='line_1_13' title="bbox 143 1045 1880 1118; baseline -0.002 -16"><span class='ocrx_word' id='word_1_79' title='bbox 143 1050 343 1118; x_wconf 82' lang='grc' dir='ltr'><em>μένους</em></span> <span class='ocrx_word' id='word_1_80' title='bbox 382 1046 646 1116; x_wconf 77' lang='grc' dir='ltr'><em>ἀνευρών</em></span> <span class='ocrx_word' id='word_1_81' title='bbox 682 1045 784 1101; x_wconf 82' lang='grc' dir='ltr'><em>οὐκ</em></span> <span class='ocrx_word' id='word_1_82' title='bbox 821 1046 1007 1115; x_wconf 76' lang='grc' dir='ltr'><em>ἀηδῶς</em></span> <span class='ocrx_word' id='word_1_83' title='bbox 1031 1047 1096 1100; x_wconf 79' lang='grc' dir='ltr'><em>τὰ</em></span> <span class='ocrx_word' id='word_1_84' title='bbox 1124 1052 1316 1117; x_wconf 78' lang='grc' dir='ltr'><em>πρῶτα</em></span> <span class='ocrx_word' id='word_1_85' title='bbox 1344 1049 1554 1115; x_wconf 85' lang='grc' dir='ltr'><em>διῆγον.</em></span> <span class='ocrx_word' id='word_1_86' title='bbox 1615 1049 1838 1118; x_wconf 81' lang='grc' dir='ltr'><em>εἰκοστῇ</em></span> <span class='ocrx_word' id='word_1_87' title='bbox 1875 1109 1880 1112; x_wconf 36' lang='grc'><em>,</em></span> 
     </span>
    </p>
   </div>
   <div class='ocr_carea' id='block_1_5' title="bbox 141 1130 1841 2804">
    <p class='ocr_par' dir='ltr' id='par_1_7' title="bbox 141 1130 1841 2804">
     <span class='ocr_line' id='line_1_14' title="bbox 144 1130 1836 1204; baseline -0.001 -19"><span class='ocrx_word' id='word_1_88' title='bbox 144 1134 205 1186; x_wconf 80' lang='grc' dir='ltr'><em>δὲ</em></span> <span class='ocrx_word' id='word_1_89' title='bbox 232 1131 474 1199; x_wconf 77' lang='grc' dir='ltr'><em>ὕστερον</em></span> <span class='ocrx_word' id='word_1_90' title='bbox 499 1131 676 1204; x_wconf 80' lang='grc' dir='ltr'><em>ἡμέρα</em></span> <span class='ocrx_word' id='word_1_91' title='bbox 702 1133 969 1199; x_wconf 84' lang='grc' dir='ltr'><em>συνήθως</em></span> <span class='ocrx_word' id='word_1_92' title='bbox 986 1130 1177 1184; x_wconf 80' lang='grc' dir='ltr'><em>ἀλύων</em></span> <span class='ocrx_word' id='word_1_93' title='bbox 1198 1133 1289 1185; x_wconf 79' lang='grc' dir='ltr'><em>ἐπὶ</em></span> <span class='ocrx_word' id='word_1_94' title='bbox 1309 1133 1502 1200; x_wconf 88' lang='grc' dir='ltr'><em>λιμένα</em></span> <span class='ocrx_word' id='word_1_95' title='bbox 1530 1133 1836 1200; x_wconf 81' lang='grc' dir='ltr'><em>κατῆλθον,</em></span> 
     </span>
     <span class='ocr_line' id='line_1_15' title="bbox 144 1210 1839 1285; baseline -0.001 -15"><span class='ocrx_word' id='word_1_96' title='bbox 144 1217 238 1271; x_wconf 89' lang='grc' dir='ltr'><em>καὶ</em></span> <span class='ocrx_word' id='word_1_97' title='bbox 265 1218 465 1285; x_wconf 86' lang='grc' dir='ltr'><em>λέμβος</em></span> <span class='ocrx_word' id='word_1_98' title='bbox 492 1217 618 1285; x_wconf 77' lang='grc' dir='ltr'><em>ἄρτι</em></span> <span class='ocrx_word' id='word_1_99' title='bbox 645 1217 993 1284; x_wconf 86' lang='grc' dir='ltr'><em>κατεφέρετο.</em></span> <span class='ocrx_word' id='word_1_100' title='bbox 1048 1215 1252 1285; x_wconf 88' lang='grc' dir='ltr'><em>μικρὸν</em></span> <span class='ocrx_word' id='word_1_101' title='bbox 1280 1210 1387 1268; x_wconf 77' lang='grc' dir='ltr'><em>οὖν</em></span> <span class='ocrx_word' id='word_1_102' title='bbox 1416 1216 1660 1283; x_wconf 79' lang='grc' dir='ltr'><em>ἐπιστάς,</em></span> <span class='ocrx_word' id='word_1_103' title='bbox 1699 1214 1839 1270; x_wconf 89' lang='grc' dir='ltr'><em>ὁπό-</em></span> 
     </span>
     <span class='ocr_line' id='line_1_16' title="bbox 143 1297 1840 1371; baseline -0.002 -15"><span class='ocrx_word' id='word_1_104' title='bbox 143 1309 251 1356; x_wconf 87' lang='grc' dir='ltr'><em>θεν</em></span> <span class='ocrx_word' id='word_1_105' title='bbox 288 1322 348 1355; x_wconf 82' lang='grc' dir='ltr'><em>τε</em></span> <span class='ocrx_word' id='word_1_106' title='bbox 388 1307 468 1371; x_wconf 84' lang='grc' dir='ltr'><em>εἰή</em></span> <span class='ocrx_word' id='word_1_107' title='bbox 509 1303 601 1354; x_wconf 83' lang='grc' dir='ltr'><em>καὶ</em></span> <span class='ocrx_word' id='word_1_108' title='bbox 639 1306 793 1364; x_wconf 88' lang='grc' dir='ltr'><em>τίνας</em></span> <span class='ocrx_word' id='word_1_109' title='bbox 832 1300 958 1368; x_wconf 80' lang='grc' dir='ltr'><em>ἄγοι</em></span> <span class='ocrx_word' id='word_1_110' title='bbox 986 1301 1416 1369; x_wconf 88' lang='grc' dir='ltr'><em>περιεσκόπουν.</em></span> <span class='ocrx_word' id='word_1_111' title='bbox 1470 1297 1628 1354; x_wconf 78' lang='grc' dir='ltr'><em>οὔπω</em></span> <span class='ocrx_word' id='word_1_112' title='bbox 1656 1300 1718 1354; x_wconf 78' lang='grc' dir='ltr'><em>δὲ</em></span> <span class='ocrx_word' id='word_1_113' title='bbox 1743 1302 1840 1369; x_wconf 84' lang='grc' dir='ltr'><em>τῆς</em></span> 
     </span>
     <span class='ocr_line' id='line_1_17' title="bbox 145 1384 1837 1456; baseline -0.002 -16"><span class='ocrx_word' id='word_1_114' title='bbox 145 1385 478 1456; x_wconf 74' lang='grc' dir='ltr'><em>ἀποβάθρας</em></span> <span class='ocrx_word' id='word_1_115' title='bbox 504 1384 751 1454; x_wconf 77' lang='grc' dir='ltr'><em>ἀκριβῶς</em></span> <span class='ocrx_word' id='word_1_116' title='bbox 778 1385 1032 1454; x_wconf 86' lang='grc' dir='ltr'><em>κειμένης</em></span> <span class='ocrx_word' id='word_1_117' title='bbox 1062 1385 1291 1455; x_wconf 82' lang='grc' dir='ltr'><em>ἐξήλατό</em></span> <span class='ocrx_word' id='word_1_118' title='bbox 1317 1406 1398 1448; x_wconf 86' lang='grc' dir='ltr'><em>τις</em></span> <span class='ocrx_word' id='word_1_119' title='bbox 1429 1389 1527 1438; x_wconf 91' lang='grc' dir='ltr'><em>καί</em></span> <span class='ocrx_word' id='word_1_120' title='bbox 1558 1405 1626 1455; x_wconf 87' lang='grc' dir='ltr'><em>με</em></span> <span class='ocrx_word' id='word_1_121' title='bbox 1661 1398 1837 1453; x_wconf 90' lang='grc' dir='ltr'><em>προσ-</em></span> 
     </span>
     <span class='ocr_line' id='line_1_18' title="bbox 144 1462 1834 1539; baseline -0.003 -14"><span class='ocrx_word' id='word_1_122' title='bbox 144 1469 374 1539; x_wconf 78' lang='grc' dir='ltr'><em>δραμών</em></span> <span class='ocrx_word' id='word_1_123' title='bbox 400 1472 749 1539; x_wconf 86' lang='grc' dir='ltr'><em>περιέβαλεν.</em></span> <span class='ocrx_word' id='word_1_124' title='bbox 816 1462 889 1538; x_wconf 77' lang='grc' dir='ltr'><em>ἦν</em></span> <span class='ocrx_word' id='word_1_125' title='bbox 925 1471 980 1522; x_wconf 78' lang='grc' dir='ltr'><em>δ’</em></span> <span class='ocrx_word' id='word_1_126' title='bbox 1008 1469 1116 1538; x_wconf 79' lang='grc' dir='ltr'><em>ἄρα</em></span> <span class='ocrx_word' id='word_1_127' title='bbox 1143 1473 1356 1539; x_wconf 88' lang='grc' dir='ltr'><em>Χαρίας</em></span> <span class='ocrx_word' id='word_1_128' title='bbox 1381 1473 1493 1522; x_wconf 75' lang='grc' dir='ltr'><em>τῶν</em></span> <span class='ocrx_word' id='word_1_129' title='bbox 1521 1471 1673 1537; x_wconf 74' lang='grc' dir='ltr'><em>ἐμῶν</em></span> <span class='ocrx_word' id='word_1_130' title='bbox 1699 1482 1834 1521; x_wconf 90' lang='grc' dir='ltr'><em>συν-</em></span> 
     </span>
     <span class='ocr_line' id='line_1_19' title="bbox 146 1547 1837 1625; baseline -0.001 -16"><span class='ocrx_word' id='word_1_131' title='bbox 146 1557 386 1625; x_wconf 81' lang='grc' dir='ltr'><em>εφήβων.</em></span> <span class='ocrx_word' id='word_1_132' title='bbox 445 1555 537 1607; x_wconf 88' lang='grc' dir='ltr'><em>καὶ</em></span> <span class='ocrx_word' id='word_1_133' title='bbox 565 1547 606 1607; x_wconf 73' lang='grc' dir='ltr'><em>ὦ</em></span> <span class='ocrx_word' id='word_1_134' title='bbox 634 1555 900 1622; x_wconf 85' lang='grc' dir='ltr'><em>Κνήμων,</em></span> <span class='ocrx_word' id='word_1_135' title='bbox 942 1551 1239 1622; x_wconf 79' lang='grc' dir='ltr'><em>εὐαγγέλιά</em></span> <span class='ocrx_word' id='word_1_136' title='bbox 1268 1568 1355 1606; x_wconf 91' lang='grc' dir='ltr'><em>σοι</em></span> <span class='ocrx_word' id='word_1_137' title='bbox 1380 1558 1600 1622; x_wconf 81' lang='grc' dir='ltr'><em>κομίζω,</em></span> <span class='ocrx_word' id='word_1_138' title='bbox 1639 1555 1837 1623; x_wconf 85' lang='grc' dir='ltr'><em>φησίν·</em></span> 
     </span>
     <span class='ocr_line' id='line_1_20' title="bbox 144 1638 1838 1709; baseline -0.003 -14"><span class='ocrx_word' id='word_1_139' title='bbox 144 1644 284 1709; x_wconf 81' lang='grc' dir='ltr'><em>ἔχεις</em></span> <span class='ocrx_word' id='word_1_140' title='bbox 309 1639 460 1707; x_wconf 74' lang='grc' dir='ltr'><em>παρὰ</em></span> <span class='ocrx_word' id='word_1_141' title='bbox 487 1640 582 1707; x_wconf 86' lang='grc' dir='ltr'><em>τῆς</em></span> <span class='ocrx_word' id='word_1_142' title='bbox 607 1642 874 1707; x_wconf 85' lang='grc' dir='ltr'><em>πολεμίας</em></span> <span class='ocrx_word' id='word_1_143' title='bbox 909 1638 1012 1707; x_wconf 78' lang='grc' dir='ltr'><em>τήν</em></span> <span class='ocrx_word' id='word_1_144' title='bbox 1047 1641 1234 1707; x_wconf 88' lang='grc' dir='ltr'><em>δίκην·</em></span> <span class='ocrx_word' id='word_1_145' title='bbox 1276 1640 1599 1708; x_wconf 87' lang='grc' dir='ltr'><em>Δημαινέτη</em></span> <span class='ocrx_word' id='word_1_146' title='bbox 1634 1639 1838 1706; x_wconf 84' lang='grc' dir='ltr'><em>τέθνη-</em></span> 
     </span>
     <span class='ocr_line' id='line_1_21' title="bbox 146 1714 1838 1791; baseline -0.002 -13"><span class='ocrx_word' id='word_1_147' title='bbox 146 1745 261 1778; x_wconf 86' lang='grc' dir='ltr'><em>κεν.</em></span> <span class='ocrx_word' id='word_1_148' title='bbox 315 1723 455 1776; x_wconf 85' lang='grc' dir='ltr'><em>ἀλλά</em></span> <span class='ocrx_word' id='word_1_149' title='bbox 483 1725 677 1788; x_wconf 75' lang='grc' dir='ltr'><em>σώζοιο</em></span> <span class='ocrx_word' id='word_1_150' title='bbox 704 1723 824 1791; x_wconf 90' lang='grc' dir='ltr'><em>μέν,</em></span> <span class='ocrx_word' id='word_1_151' title='bbox 867 1725 1027 1790; x_wconf 81' lang='grc' dir='ltr'><em>ἔφην,</em></span> <span class='ocrx_word' id='word_1_152' title='bbox 1067 1714 1111 1774; x_wconf 70' lang='grc'><em>(3</em></span> <span class='ocrx_word' id='word_1_153' title='bbox 1146 1726 1350 1789; x_wconf 83' lang='grc' dir='ltr'><em>Χαρία·</em></span> <span class='ocrx_word' id='word_1_154' title='bbox 1391 1727 1448 1775; x_wconf 86' lang='grc' dir='ltr'><em>τί</em></span> <span class='ocrx_word' id='word_1_155' title='bbox 1471 1723 1531 1774; x_wconf 82' lang='grc' dir='ltr'><em>δὲ</em></span> <span class='ocrx_word' id='word_1_156' title='bbox 1558 1723 1838 1790; x_wconf 87' lang='grc' dir='ltr'><em>παρατρέ-</em></span> 
     </span>
     <span class='ocr_line' id='line_1_22' title="bbox 144 1800 1836 1894; baseline -0.002 -32"><span class='ocrx_word' id='word_1_157' title='bbox 144 1800 353 1894; x_wconf 42' lang='grc' dir='ltr'><em>χειςὶτό</em></span> <span class='ocrx_word' id='word_1_158' title='bbox 393 1807 720 1875; x_wconf 82' lang='grc' dir='ltr'><em>εὐαγγέλιον</em></span> <span class='ocrx_word' id='word_1_159' title='bbox 757 1806 945 1874; x_wconf 76' lang='grc' dir='ltr'><em>ὥσπερ</em></span> <span class='ocrx_word' id='word_1_160' title='bbox 972 1827 1024 1859; x_wconf 90' lang='grc' dir='ltr'><em>τι</em></span> <span class='ocrx_word' id='word_1_161' title='bbox 1050 1811 1163 1859; x_wconf 75' lang='grc' dir='ltr'><em>τῶν</em></span> <span class='ocrx_word' id='word_1_162' title='bbox 1189 1807 1414 1859; x_wconf 88' lang='grc' dir='ltr'><em>ἀτόπων</em></span> <span class='ocrx_word' id='word_1_163' title='bbox 1441 1805 1836 1874; x_wconf 86' lang='grc' dir='ltr'><em>ἀπαγγέλλων;</em></span> 
     </span>
     <span class='ocr_line' id='line_1_23' title="bbox 148 1889 1841 1962; baseline -0.002 -15"><span class='ocrx_word' id='word_1_164' title='bbox 148 1895 264 1947; x_wconf 78' lang='grc' dir='ltr'><em>εἰπὲ</em></span> <span class='ocrx_word' id='word_1_165' title='bbox 291 1894 354 1947; x_wconf 78' lang='grc' dir='ltr'><em>δὲ</em></span> <span class='ocrx_word' id='word_1_166' title='bbox 379 1890 472 1945; x_wconf 88' lang='grc' dir='ltr'><em>καὶ</em></span> <span class='ocrx_word' id='word_1_167' title='bbox 499 1891 597 1944; x_wconf 85' lang='grc' dir='ltr'><em>τὸν</em></span> <span class='ocrx_word' id='word_1_168' title='bbox 623 1891 851 1958; x_wconf 89' lang='grc' dir='ltr'><em>τρόπον,</em></span> <span class='ocrx_word' id='word_1_169' title='bbox 882 1889 956 1952; x_wconf 79' lang='grc' dir='ltr'><em>ὦς</em></span> <span class='ocrx_word' id='word_1_170' title='bbox 981 1891 1204 1960; x_wconf 83' lang='grc' dir='ltr'><em>σφόδρα</em></span> <span class='ocrx_word' id='word_1_171' title='bbox 1229 1892 1455 1944; x_wconf 83' lang='grc' dir='ltr'><em>δέδοικα</em></span> <span class='ocrx_word' id='word_1_172' title='bbox 1474 1890 1546 1959; x_wconf 78' lang='grc' dir='ltr'><em>μὴ</em></span> <span class='ocrx_word' id='word_1_173' title='bbox 1570 1894 1647 1960; x_wconf 76' lang='grc' dir='ltr'><em>τῷ</em></span> <span class='ocrx_word' id='word_1_174' title='bbox 1668 1895 1841 1962; x_wconf 76' lang='grc' dir='ltr'><em>κοινῷ</em></span> 
     </span>
     <span class='ocr_line' id='line_1_24' title="bbox 148 1973 1841 2047; baseline -0.002 -16"><span class='ocrx_word' id='word_1_175' title='bbox 148 1979 406 2047; x_wconf 90' lang='grc' dir='ltr'><em>κέχρηται</em></span> <span class='ocrx_word' id='word_1_176' title='bbox 431 1975 662 2047; x_wconf 81' lang='grc' dir='ltr'><em>θανάτῳ</em></span> <span class='ocrx_word' id='word_1_177' title='bbox 690 1977 782 2028; x_wconf 83' lang='grc' dir='ltr'><em>καὶ</em></span> <span class='ocrx_word' id='word_1_178' title='bbox 811 1977 1002 2043; x_wconf 77' lang='grc' dir='ltr'><em>διέδρα</em></span> <span class='ocrx_word' id='word_1_179' title='bbox 1027 1974 1123 2028; x_wconf 90' lang='grc' dir='ltr'><em>τὸν</em></span> <span class='ocrx_word' id='word_1_180' title='bbox 1151 1974 1289 2043; x_wconf 82' lang='grc' dir='ltr'><em>πρὸς</em></span> <span class='ocrx_word' id='word_1_181' title='bbox 1315 1973 1493 2039; x_wconf 82' lang='grc' dir='ltr'><em>ἀξίαν.</em></span> <span class='ocrx_word' id='word_1_182' title='bbox 1535 1974 1603 2028; x_wconf 84' lang='grc' dir='ltr'><em>οὐ</em></span> <span class='ocrx_word' id='word_1_183' title='bbox 1629 1975 1841 2028; x_wconf 82' lang='grc' dir='ltr'><em>παντά-</em></span> 
     </span>
     <span class='ocr_line' id='line_1_25' title="bbox 149 2056 1839 2130; baseline -0.002 -15"><span class='ocrx_word' id='word_1_184' title='bbox 149 2077 340 2129; x_wconf 90' lang='grc' dir='ltr'><em>πασιν,</em></span> <span class='ocrx_word' id='word_1_185' title='bbox 391 2064 497 2129; x_wconf 79' lang='grc' dir='ltr'><em>ἔφη</em></span> <span class='ocrx_word' id='word_1_186' title='bbox 548 2058 577 2113; x_wconf 91' lang='lat'><em>6</em></span> <span class='ocrx_word' id='word_1_187' title='bbox 614 2065 855 2128; x_wconf 87' lang='grc' dir='ltr'><em>Χαρίας,</em></span> <span class='ocrx_word' id='word_1_188' title='bbox 907 2063 1231 2112; x_wconf 78' lang='grc' dir='ltr'><em>ἐκλέλοιπεν</em></span> <span class='ocrx_word' id='word_1_189' title='bbox 1276 2059 1419 2130; x_wconf 78' lang='grc' dir='ltr'><em>ἡμᾶς</em></span> <span class='ocrx_word' id='word_1_190' title='bbox 1464 2058 1496 2129; x_wconf 80' lang='grc' dir='ltr'>ἡ</span> <span class='ocrx_word' id='word_1_191' title='bbox 1538 2062 1666 2130; x_wconf 88' lang='grc' dir='ltr'><em>δίκη</em></span> <span class='ocrx_word' id='word_1_192' title='bbox 1703 2056 1839 2113; x_wconf 85' lang='grc' dir='ltr'><em>καθ’</em></span> 
     </span>
     <span class='ocr_line' id='line_1_26' title="bbox 141 2142 1840 2215; baseline -0.002 -15"><span class='ocrx_word' id='word_1_193' title='bbox 141 2147 422 2213; x_wconf 63' lang='grc' dir='ltr'><em>“Ησίοδον,</em></span> <span class='ocrx_word' id='word_1_194' title='bbox 463 2142 603 2197; x_wconf 85' lang='grc' dir='ltr'><em>ἀλλά</em></span> <span class='ocrx_word' id='word_1_195' title='bbox 640 2142 843 2213; x_wconf 86' lang='grc' dir='ltr'><em>μικρὸν</em></span> <span class='ocrx_word' id='word_1_196' title='bbox 881 2144 984 2211; x_wconf 75' lang='grc' dir='ltr'><em>μὲν</em></span> <span class='ocrx_word' id='word_1_197' title='bbox 1022 2143 1094 2196; x_wconf 81' lang='grc' dir='ltr'><em>ἄν</em></span> <span class='ocrx_word' id='word_1_198' title='bbox 1120 2164 1171 2196; x_wconf 93' lang='grc' dir='ltr'><em>τι</em></span> <span class='ocrx_word' id='word_1_199' title='bbox 1204 2145 1297 2197; x_wconf 80' lang='grc' dir='ltr'><em>καὶ</em></span> <span class='ocrx_word' id='word_1_200' title='bbox 1322 2147 1549 2214; x_wconf 91' lang='grc' dir='ltr'><em>παρίδοι</em></span> <span class='ocrx_word' id='word_1_201' title='bbox 1576 2145 1726 2212; x_wconf 88' lang='grc' dir='ltr'><em>ποτέ,</em></span> <span class='ocrx_word' id='word_1_202' title='bbox 1764 2148 1840 2215; x_wconf 78' lang='grc' dir='ltr'><em>τῷ</em></span> 
     </span>
     <span class='ocr_line' id='line_1_27' title="bbox 149 2227 1841 2301; baseline -0.002 -17"><span class='ocrx_word' id='word_1_203' title='bbox 149 2233 336 2301; x_wconf 79' lang='grc' dir='ltr'><em>χρόνῳ</em></span> <span class='ocrx_word' id='word_1_204' title='bbox 366 2231 470 2298; x_wconf 81' lang='grc' dir='ltr'><em>τὴν</em></span> <span class='ocrx_word' id='word_1_205' title='bbox 501 2227 724 2296; x_wconf 77' lang='grc' dir='ltr'><em>ἄμυναν</em></span> <span class='ocrx_word' id='word_1_206' title='bbox 754 2231 1131 2298; x_wconf 88' lang='grc' dir='ltr'><em>παρέλκουσα,</em></span> <span class='ocrx_word' id='word_1_207' title='bbox 1161 2238 1275 2292; x_wconf 83' lang='grc' dir='ltr'><em>τοῖς</em></span> <span class='ocrx_word' id='word_1_208' title='bbox 1297 2230 1357 2282; x_wconf 82' lang='grc' dir='ltr'><em>δὲ</em></span> <span class='ocrx_word' id='word_1_209' title='bbox 1378 2229 1556 2290; x_wconf 81' lang='grc' dir='ltr'><em>οὕτως</em></span> <span class='ocrx_word' id='word_1_210' title='bbox 1575 2227 1841 2296; x_wconf 86' lang='grc' dir='ltr'><em>ἀθέσμοις</em></span> 
     </span>
     <span class='ocr_line' id='line_1_28' title="bbox 150 2311 1840 2382; baseline -0.004 -12"><span class='ocrx_word' id='word_1_211' title='bbox 150 2313 287 2379; x_wconf 77' lang='grc' dir='ltr'><em>ὀξύν</em></span> <span class='ocrx_word' id='word_1_212' title='bbox 316 2313 604 2381; x_wconf 83' lang='grc' dir='ltr'><em>ἐπιβάλλει</em></span> <span class='ocrx_word' id='word_1_213' title='bbox 630 2314 729 2365; x_wconf 89' lang='grc' dir='ltr'><em>τὸν</em></span> <span class='ocrx_word' id='word_1_214' title='bbox 759 2311 1076 2382; x_wconf 77' lang='grc' dir='ltr'><em>ὀφθαλμόν,</em></span> <span class='ocrx_word' id='word_1_215' title='bbox 1106 2311 1179 2374; x_wconf 73' lang='grc' dir='ltr'><em>ὣς</em></span> <span class='ocrx_word' id='word_1_216' title='bbox 1209 2312 1276 2382; x_wconf 85' lang='grc' dir='ltr'><em>δὴ</em></span> <span class='ocrx_word' id='word_1_217' title='bbox 1309 2315 1401 2365; x_wconf 82' lang='grc' dir='ltr'><em>καὶ</em></span> <span class='ocrx_word' id='word_1_218' title='bbox 1430 2313 1532 2382; x_wconf 85' lang='grc' dir='ltr'><em>τὴν</em></span> <span class='ocrx_word' id='word_1_219' title='bbox 1551 2312 1840 2380; x_wconf 89' lang='grc' dir='ltr'><em>ἀλιτήριον</em></span> 
     </span>
     <span class='ocr_line' id='line_1_29' title="bbox 149 2394 1840 2470; baseline -0.002 -18"><span class='ocrx_word' id='word_1_220' title='bbox 149 2402 395 2470; x_wconf 85' lang='grc' dir='ltr'><em>μετῆλθε</em></span> <span class='ocrx_word' id='word_1_221' title='bbox 432 2399 808 2466; x_wconf 87' lang='grc' dir='ltr'><em>Δημαινέτην.</em></span> <span class='ocrx_word' id='word_1_222' title='bbox 886 2401 1054 2451; x_wconf 81' lang='grc' dir='ltr'><em>ἔλαθε</em></span> <span class='ocrx_word' id='word_1_223' title='bbox 1103 2398 1170 2451; x_wconf 91' lang='grc' dir='ltr'><em>δέ</em></span> <span class='ocrx_word' id='word_1_224' title='bbox 1200 2416 1267 2466; x_wconf 91' lang='grc' dir='ltr'><em>με</em></span> <span class='ocrx_word' id='word_1_225' title='bbox 1303 2401 1417 2449; x_wconf 77' lang='grc' dir='ltr'><em>τῶν</em></span> <span class='ocrx_word' id='word_1_226' title='bbox 1453 2396 1768 2465; x_wconf 79' lang='grc' dir='ltr'><em>γεγονότων</em></span> <span class='ocrx_word' id='word_1_227' title='bbox 1804 2394 1840 2466; x_wconf 77' lang='grc' dir='ltr'><em>ἢ</em></span> 
     </span>
     <span class='ocr_line' id='line_1_30' title="bbox 153 2476 1841 2552; baseline -0.003 -15"><span class='ocrx_word' id='word_1_228' title='bbox 153 2483 472 2552; x_wconf 88' lang='grc' dir='ltr'><em>λεχθέντων</em></span> <span class='ocrx_word' id='word_1_229' title='bbox 521 2479 706 2549; x_wconf 82' lang='grc' dir='ltr'><em>οὐδέν,</em></span> <span class='ocrx_word' id='word_1_230' title='bbox 753 2485 848 2549; x_wconf 82' lang='grc' dir='ltr'><em>τῆς</em></span> <span class='ocrx_word' id='word_1_231' title='bbox 897 2486 1136 2551; x_wconf 84' lang='grc' dir='ltr'><em>Θίσβης,</em></span> <span class='ocrx_word' id='word_1_232' title='bbox 1189 2481 1261 2544; x_wconf 76' lang='grc' dir='ltr'><em>ὦς</em></span> <span class='ocrx_word' id='word_1_233' title='bbox 1304 2477 1498 2548; x_wconf 80' lang='grc' dir='ltr'><em>οἶσθα,</em></span> <span class='ocrx_word' id='word_1_234' title='bbox 1552 2478 1691 2533; x_wconf 78' lang='grc' dir='ltr'><em>κατὰ</em></span> <span class='ocrx_word' id='word_1_235' title='bbox 1737 2476 1841 2548; x_wconf 85' lang='grc' dir='ltr'><em>τὴν</em></span> 
     </span>
     <span class='ocr_line' id='line_1_31' title="bbox 152 2565 1839 2637; baseline -0.003 -16"><span class='ocrx_word' id='word_1_236' title='bbox 152 2569 291 2637; x_wconf 89' lang='grc' dir='ltr'><em>πρός</em></span> <span class='ocrx_word' id='word_1_237' title='bbox 317 2586 384 2635; x_wconf 91' lang='grc' dir='ltr'><em>με</em></span> <span class='ocrx_word' id='word_1_238' title='bbox 412 2567 725 2635; x_wconf 86' lang='grc' dir='ltr'><em>συνήθειαν</em></span> <span class='ocrx_word' id='word_1_239' title='bbox 753 2566 933 2619; x_wconf 91' lang='grc' dir='ltr'><em>πάντα</em></span> <span class='ocrx_word' id='word_1_240' title='bbox 961 2569 1343 2636; x_wconf 86' lang='grc' dir='ltr'><em>διηγουμένης.</em></span> <span class='ocrx_word' id='word_1_241' title='bbox 1386 2569 1479 2634; x_wconf 81' lang='grc' dir='ltr'><em>τῆς</em></span> <span class='ocrx_word' id='word_1_242' title='bbox 1501 2565 1609 2634; x_wconf 80' lang='grc' dir='ltr'><em>γάρ</em></span> <span class='ocrx_word' id='word_1_243' title='bbox 1637 2566 1839 2618; x_wconf 87' lang='grc' dir='ltr'><em>ἀδίκου</em></span> 
     </span>
     <span class='ocr_line' id='line_1_32' title="bbox 153 2647 1839 2720; baseline -0.004 -14"><span class='ocrx_word' id='word_1_244' title='bbox 153 2670 241 2706; x_wconf 89' lang='grc' dir='ltr'><em>σοι</em></span> <span class='ocrx_word' id='word_1_245' title='bbox 281 2657 467 2720; x_wconf 81' lang='grc' dir='ltr'><em>φυγῆς</em></span> <span class='ocrx_word' id='word_1_246' title='bbox 506 2650 917 2720; x_wconf 81' lang='grc' dir='ltr'><em>ἐπιβληθείσης,</em></span> <span class='ocrx_word' id='word_1_247' title='bbox 960 2650 988 2703; x_wconf 90' lang='grc' dir='ltr'>ὁ</span> <span class='ocrx_word' id='word_1_248' title='bbox 1026 2652 1129 2720; x_wconf 76' lang='grc' dir='ltr'><em>μὲν</em></span> <span class='ocrx_word' id='word_1_249' title='bbox 1167 2651 1366 2714; x_wconf 80' lang='grc' dir='ltr'><em>ἄθλιός</em></span> <span class='ocrx_word' id='word_1_250' title='bbox 1403 2665 1491 2703; x_wconf 88' lang='grc' dir='ltr'><em>σοι</em></span> <span class='ocrx_word' id='word_1_251' title='bbox 1527 2647 1707 2717; x_wconf 85' lang='grc' dir='ltr'><em>πατὴρ</em></span> <span class='ocrx_word' id='word_1_252' title='bbox 1748 2649 1839 2700; x_wconf 80' lang='grc' dir='ltr'><em>ἐπὶ</em></span> 
     </span>
     <span class='ocr_line' id='line_1_33' title="bbox 151 2731 1838 2804; baseline -0.004 -14"><span class='ocrx_word' id='word_1_253' title='bbox 151 2747 266 2799; x_wconf 80' lang='grc' dir='ltr'><em>τοῖς</em></span> <span class='ocrx_word' id='word_1_254' title='bbox 292 2741 589 2804; x_wconf 80' lang='grc' dir='ltr'><em>πραχθεῖσι</em></span> <span class='ocrx_word' id='word_1_255' title='bbox 615 2739 1056 2803; x_wconf 84' lang='grc' dir='ltr'><em>μεταμελομενος</em></span> <span class='ocrx_word' id='word_1_256' title='bbox 1083 2738 1159 2797; x_wconf 80' lang='grc' dir='ltr'><em>εἰς</em></span> <span class='ocrx_word' id='word_1_257' title='bbox 1183 2734 1359 2803; x_wconf 88' lang='grc' dir='ltr'><em>ἀγρόν</em></span> <span class='ocrx_word' id='word_1_258' title='bbox 1384 2754 1508 2786; x_wconf 89' lang='grc' dir='ltr'><em>τινα</em></span> <span class='ocrx_word' id='word_1_259' title='bbox 1546 2731 1639 2785; x_wconf 85' lang='grc' dir='ltr'><em>καὶ</em></span> <span class='ocrx_word' id='word_1_260' title='bbox 1674 2731 1838 2800; x_wconf 81' lang='grc' dir='ltr'><em>ἐσχα-</em></span> 
     </span>
    </p>
   </div>
   <div class='ocr_carea' id='block_1_6' title="bbox 151 2799 1855 2894">
    <p class='ocr_par' dir='ltr' id='par_1_8' title="bbox 151 2799 1855 2894">
     <span class='ocr_line' id='line_1_34' title="bbox 151 2799 1855 2894; baseline -0.004 -20"><span class='ocrx_word' id='word_1_261' title='bbox 151 2819 278 2874; x_wconf 86' lang='grc' dir='ltr'><em>τιάν</em></span> <span class='ocrx_word' id='word_1_262' title='bbox 304 2817 505 2873; x_wconf 79' lang='grc' dir='ltr'><em>ἑαυτὸν</em></span> <span class='ocrx_word' id='word_1_263' title='bbox 532 2818 798 2889; x_wconf 77' lang='grc' dir='ltr'><em>ἀπῴκισε,</em></span> <span class='ocrx_word' id='word_1_264' title='bbox 839 2818 1003 2873; x_wconf 78' lang='grc' dir='ltr'><em>κάκεῖ</em></span> <span class='ocrx_word' id='word_1_265' title='bbox 1033 2821 1229 2894; x_wconf 63' lang='grc' dir='ltr'><em>διῆγεν</em></span> <span class='ocrx_word' id='word_1_266' title='bbox 1250 2817 1326 2885; x_wconf 80' lang='grc' dir='ltr'><em>ὃν</em></span> <span class='ocrx_word' id='word_1_267' title='bbox 1351 2817 1540 2886; x_wconf 88' lang='grc' dir='ltr'><em>θυμὸν</em></span> <span class='ocrx_word' id='word_1_268' title='bbox 1569 2799 1855 2884; x_wconf 45' lang='grc' dir='ltr'><em>κατέδων]</em></span> 
     </span>
    </p>
   </div>
   <div class='ocr_carea' id='block_1_7' title="bbox 1443 3078 1474 3093">
    <p class='ocr_par' dir='ltr' id='par_1_9' title="bbox 1443 3078 1474 3093">
     <span class='ocr_line' id='line_1_35' title="bbox 1443 3078 1474 3093; baseline 0 0"><span class='ocrx_word' id='word_1_269' title='bbox 1443 3078 1474 3093; x_wconf 54' lang='lat' dir='ltr'><em>l</em></span> 
     </span>
    </p>
   </div>
   <div class='ocr_carea' id='block_1_8' title="bbox 1871 1393 1910 1426">
    <p class='ocr_par' dir='ltr' id='par_1_10' title="bbox 1871 1393 1910 1426">
     <span class='ocr_line' id='line_1_36' title="bbox 1871 1393 1910 1426; baseline -0.026 0"><span class='ocrx_word' id='word_1_270' title='bbox 1871 1393 1910 1426; x_wconf 81' lang='lat'><em>15</em></span> 
     </span>
    </p>
   </div>
   <div class='ocr_carea' id='block_1_9' title="bbox 1868 1815 1916 1850">
    <p class='ocr_par' dir='ltr' id='par_1_11' title="bbox 1868 1815 1916 1850">
     <span class='ocr_line' id='line_1_37' title="bbox 1868 1815 1916 1850; baseline 0.063 -3"><span class='ocrx_word' id='word_1_271' title='bbox 1868 1815 1916 1850; x_wconf 63' lang='lat'><em>20¹</em></span> 
     </span>
    </p>
   </div>
   <div class='ocr_carea' id='block_1_10' title="bbox 1870 2246 1912 2278">
    <p class='ocr_par' dir='ltr' id='par_1_12' title="bbox 1870 2246 1912 2278">
     <span class='ocr_line' id='line_1_38' title="bbox 1870 2246 1912 2278; baseline 0 0"><span class='ocrx_word' id='word_1_272' title='bbox 1870 2246 1912 2278; x_wconf 80' lang='lat'><em>25</em></span> 
     </span>
    </p>
   </div>
   <div class='ocr_carea' id='block_1_11' title="bbox 1868 2675 1910 2709">
    <p class='ocr_par' dir='ltr' id='par_1_13' title="bbox 1868 2675 1910 2709">
     <span class='ocr_line' id='line_1_39' title="bbox 1868 2675 1910 2709; baseline -0.024 0"><span class='ocrx_word' id='word_1_273' title='bbox 1868 2675 1910 2709; x_wconf 86' lang='lat'><em>30</em></span> 
     </span>
    </p>
   </div>
  </div>
 </body>
</html>
