1916 3132
746 80 1120 129 TETAPTON
1680 78 1779 132 107

69 219 237 282 χροιὰν
281 219 660 282 ἀπαυγάζουσαν,
706 219 793 281 ἐγώ
841 221 924 281 μὲν
960 220 1048 282 τὴν
1086 222 1240 268 αἰτίαν
1277 218 1541 282 ἐγνώριζον,
1590 217 1664 268 ὅτι
1701 239 1780 281 μοι

12 304 17 307 ’
70 291 196 351 παρὰ
232 291 319 352 τὴν
351 291 537 352 ὁμιλίαν
569 291 656 352 τὴν
690 290 807 352 πρὸς
831 291 914 340 τὸν
939 289 1091 353 ανδρα
1116 292 1407 354 προσβλέψαι
1431 289 1519 351 τὴν
1548 288 1782 351 Ἀνδρομέ-

8 370 10 410 2
70 367 159 410 δαν
147 361 220 446 ἡ
256 362 411 424 γραφὴ
449 367 775 425 παρασχοῦσα,
821 365 903 411 καὶ
937 361 1239 423 πανταχόθεν
1282 361 1551 419 ἐπιδείξασα
1595 361 1779 424 γυμνήν

74 420 200 494 (αρτι
226 433 313 519 γὰρ
342 431 491 495 αὐτὴν
516 431 611 481 ἀπὸ
635 439 729 481 τῶν
754 439 935 494 πετρῶν
961 433 984 482 6
1014 432 1220 494 Περσεὺς
1245 433 1485 518 κατῆγεν),
1524 426 1780 492 ὃμόιοειδὲς

14 518 23 534 “
71 504 222 568 ἐκείνῃ
256 503 307 552 τὸ
335 505 507 566 σπαρὲν
533 502 620 552 οὐκ
646 524 847 565 ευτυχως
872 504 1155 566 ε’μόρφωσεν.
1213 505 1362 565 ἔγνων
1388 498 1475 552 οὖν
1501 502 1705 564 ἐμαυτήν
1731 522 1779 551 τε

9 592 14 593 ’
71 574 332 634 ἀπαλλάξαι
352 581 435 623 τοῦ
454 595 536 636 μετ
541 574 796 636 ἀἰσχύνης
821 576 1055 643 θανάτου,
1081 577 1361 636 πεπεισμένη
1385 575 1473 637 τὴν
1499 573 1588 635 σὴν
1615 573 1780 635 χροιὰν

69 651 278 708 μοιχείαν
311 646 413 707 ἐμοὶ
446 640 906 712 προσαψουσανκῷυ
945 647 1033 709 γὰρ
1071 646 1339 696 πιστεύσειν
1376 644 1547 694 οὐδένα
1580 645 1779 709 λεγούσῃ

69 715 154 778 τὴν
179 718 518 799 περιπέτειαν),
557 720 638 765 ’καὶ
666 719 740 766 σοὶ
766 716 817 765 τὸ
844 717 894 766 έκ
918 723 1001 779 τῆς
1025 717 1168 779 τύχης
1194 716 1456 782 ἀμφίβολον
1480 722 1778 801 χαρίσασθαι,

66 787 282 836 θανάτου
316 783 552 850 προδήλου
588 785 619 850 ἢ
655 788 842 842 πάντως
868 787 1096 850 ὀνόματος
1122 788 1276 837 νόθου
1303 787 1651 850 προτιμότερον.
1705 807 1777 848 γε·

14 894 17 898 -
68 860 266 920 νομένην
298 861 346 908 τέ
379 877 427 907 σε
461 859 693 908 τεθνάναι
729 866 1008 922 παραχρῆμα
1041 859 1157 921 πρὸς
1191 859 1274 908 τὸν
1311 859 1463 920 ανδρα
1490 860 1774 922 πλασαμένη,

67 929 224 994 λάθρᾳ
249 931 329 977 καὶ
356 929 627 992 ἀπορρήτως
653 931 891 994 ἐξεθέμην,
919 929 1032 980 ὅσον
1057 939 1272 979 πλεῖστον
1297 929 1546 993 ἠδυνάμην
1571 934 1775 978 πλοῦτον

66 1006 130 1065 τῷ
163 1000 459 1062 περισῶζοντι
498 1001 673 1062 μισθὸν
699 1005 1040 1066 συνεκθεμένη,
1074 1001 1230 1057 ἄλλοις
1255 1005 1303 1050 τέ
1327 1021 1375 1050 σε
1402 1001 1674 1062 κοσμήσασα
1697 1003 1778 1048 καὶ

65 1077 222 1140 Μία
246 1076 371 1135 τῇδε,
397 1071 577 1136 ἐλεεινῷ
604 1072 854 1134 διηγήματι
879 1079 973 1121 τῶν
1000 1080 1093 1122 σῶν
1120 1063 1756 1159 κάμαυτῆς,τ]1ειλῄσασαζ“
1716 1092 1778 1132 ην

66 1141 158 1190 ἀπὸ
173 1142 405 1202 δακρύων
430 1149 523 1190 τῶν
549 1143 625 1192 ἐπὶ
653 1146 727 1191 σοὶ
756 1146 838 1192 καὶ
863 1149 1056 1205 αἵματος
1086 1144 1353 1205 ἐχάραττον,
1390 1164 1509 1202 ομου
1545 1143 1779 1203 πρωτοτό-

3 1232 38 1263 15
65 1233 199 1268 κοςκ
171 1216 252 1261 καὶ
278 1213 576 1274 πολύθρηνος
613 1217 850 1275 γενομένη.
914 1214 1012 1263 ἀλλ’
1043 1237 1078 1263 ω
1118 1223 1310 1276 γλυκεῖα
1346 1217 1426 1262 καὶ
1465 1216 1619 1275 μέχρις
1654 1234 1777 1273 ωρας

63 1282 345 1346 θύγατερ,”’
313 1304 466 1346 οπως,
495 1287 537 1333 εἰ
559 1287 834 1347 περιγένοιο,
860 1286 1068 1350 μεμνήσῃ
1094 1292 1176 1348 τῆς
1207 1285 1456 1348 εὐγενείας,
1482 1291 1662 1351 τιμῶσα
1690 1303 1778 1332 σω-

64 1352 321 1424 φροσύνην,
357 1352 388 1416 ἣ
423 1355 481 1416 δὴ
517 1356 637 1417 μόνη
678 1366 951 1417 γυναικείαν
978 1356 1148 1419 ἀρετὴν
1173 1363 1514 1419 χαρακτηρίζει,
1554 1358 1640 1404 καὶ
1662 1356 1778 1442 φρό-

63 1446 190 1488 νημα
214 1431 446 1488 βασίλειον
473 1430 553 1474 καὶ
579 1427 695 1487 πρὸς
714 1427 823 1482 τοὺς
845 1428 1026 1488 φύντας
1046 1427 1283 1488 ἀναφέρον
1303 1427 1524 1476 ἀσκοῦσα.
1566 1427 1775 1490 μεμνήσῃ

64 1499 114 1546 δε
149 1497 237 1557 πρὸ
273 1497 465 1545 πάντων
499 1503 593 1546 τῶν
619 1501 991 1547 συνεκτεθέντων
1017 1518 1090 1547 σοι
1115 1505 1364 1560 κειμηλίων
1390 1498 1642 1559 δαμάζεόν
1667 1518 1775 1546 τινα

0 1584 35 1618 ιο
63 1569 292 1629 ἐπιζητεῖν
327 1571 407 1616 καὶ
444 1574 614 1633 σεαυτῇ
649 1579 925 1633 περιποιεῖν,
961 1568 1018 1618 ὁν
1054 1570 1208 1631 πατὴρ
1242 1569 1266 1618 6
1302 1569 1383 1624 σὸς
1407 1570 1509 1631 ἐμοὶ
1534 1588 1662 1630 παρα
1687 1569 1775 1631 τὴν

63 1645 313 1701 μνηστείαν
343 1636 621 1701 ἐδωρήσατο,
658 1645 871 1704 βασιλείω
905 1660 987 1701 μεν
1025 1642 1237 1705 συμβάλω
1262 1640 1345 1689 τὸν
1371 1641 1545 1689 κύκλον
1571 1639 1777 1701 ἀνάγρα-

63 1730 196 1772 πτον,
237 1715 356 1773 λίθςο
371 1710 718 1776 ὓδεῨπμ-αντάρβῃ
734 1699 836 1759 7“καὶ
875 1710 1122 1776 ἀπορρήτῳ
1158 1711 1356 1773 δυνάμει
1391 1712 1480 1774 τὴν
1507 1700 1801 1774 σφενδόνην]

65 1782 429 1841 καθιερωμένον.

168 1851 318 1901 ταῦτά
341 1870 414 1899 σοι
440 1856 717 1915 διείλεγμαι,
747 1852 799 1900 τὸ
828 1853 1014 1914 γράμμα
1040 1854 1268 1902 διάκονον
1294 1853 1550 1915 εὑραμένη,
1588 1853 1672 1909 τὰς
1698 1853 1773 1915 ἐμ-

0 1939 37 1971 25
64 1927 248 1984 ψύχους
268 1925 349 1970 καὶ
374 1921 423 1970 έν
449 1921 717 1983 ὀφθαλμοῖς
740 1923 924 1984 ὁμιλίας
948 1930 1031 1973 τοῦ
1056 1930 1280 1986 δαίμονος
1306 1926 1626 1988 στερήσαντος,
1655 1925 1775 1987 τάχα

62 1995 146 2056 μὲν
170 1994 310 2054 κωφὰ
336 1996 417 2041 καὶ
443 1992 668 2056 ἀνήνυτα,
695 1994 813 2055 τάχα
840 1996 889 2043 δε
915 1998 996 2044 καὶ
1023 1999 1087 2051 εἰς
1113 1995 1288 2057 ὄφελός
1323 2016 1435 2045 ποτε
1479 1994 1678 2058 ηξοντα·
1720 1996 1772 2044 τὸ

64 2086 152 2135 γαρ
176 2063 352 2137 ἄδηλον
378 2069 460 2126 τῆς
484 2062 677 2158 τύχηςΜΨ
652 2064 930 2143 ἀνθρώποις
956 2065 1213 2154 ἄγνωστον.
1259 2070 1386 2115 καὶ’
1368 2069 1495 2116 ε’σται
1521 2086 1593 2115 σοι
1609 2067 1666 2115 τὰ
1691 2073 1774 2128 τῆς

66 2141 271 2199 γραφῆς,
299 2157 334 2183 ω
361 2155 514 2197 ματην
540 2134 701 2199 ωραια,
701 2132 824 2185 ”nai
826 2132 1097 2199 ἶγκλημα
1070 2159 1121 2187 το
1132 2135 1317 2193 κάλλος
1343 2138 1444 2200 ἐμοὶ
1471 2138 1773 2201 προσάψασα,

65 2210 108 2256 εἰ
127 2227 210 2268 μεν
235 2211 567 2269 περισωθείης,
606 2215 922 2271 γνωρίσματα,
954 2211 996 2258 εἰ
1018 2209 1065 2257 δ’
1086 2229 1201 2270 οπερ
1229 2213 1310 2257 καὶ
1337 2208 1490 2271 ἀκοὴν
1515 2210 1660 2259 λάθοι
1687 2209 1775 2272 τὴν

0 2288 39 2349 39
65 2277 192 2340 ἐμήν,
219 2277 467 2340 ἐπιτύμβια
491 2280 572 2326 καὶ
597 2278 768 2340 μητρὸς
794 2276 933 2342 έπικη
936 2285 1041 2328 δεια
1066 2277 1262 2342 δάκρυα.

169 2364 347 2414 ταῦτα
374 2381 416 2414 ω
447 2363 698 2430 Κνήμων
737 2360 812 2425 ὡς
849 2360 1126 2432 ἀνέγνων,
1169 2363 1474 2432 ἐγνώριζον
1511 2365 1636 2433 μέν,
1677 2365 1771 2416 καὶ
1798 2363 1831 2416 9

64 2443 168 2514 τὴν
194 2446 258 2499 ἐκ
285 2448 439 2498 θεῶν
466 2446 798 2515 οἰκονομίαν
826 2446 1171 2516 ἐθαύμαζον,
1211 2446 1424 2517 ἡδονῆς
1449 2447 1564 2501 δε
1538 2447 1652 2517 α’μα
1678 2449 1772 2502 και

66 2529 247 2598 λύπης
285 2502 662 2599 ἐνεπλήσθην.
728 2530 822 2583 καὶ
847 2534 1033 2594 πάθος
1058 2552 1110 2585 τι
1136 2533 1471 2602 καινότερον
1498 2530 1770 2603 ὑπέστην,

67 2610 208 2680 ὁμοῦ
238 2612 505 2681 δακρύων
531 2615 624 2666 καὶ
651 2617 883 2684 χαίρων,
926 2617 1288 2686 διαχεομένης
1313 2619 1419 2684 μὲν
1456 2621 1554 2686 τῆς
1591 2622 1773 2687 ψυχῆς

0 2708 38 2746 ³⁵
66 2694 207 2768 πρὸς
226 2696 330 2767 τὴν
350 2701 464 2750 τῶν
485 2696 890 2767 ἀγνοουμένων
912 2698 1140 2769 εὕρεσιν
1160 2702 1254 2755 καὶ
1275 2706 1390 2756 τῶν
1407 2703 1774 2771 χρησθέντων

15 2812 20 2844 ;
66 2779 174 2851 ἤδη
213 2780 318 2850 τήν
357 2783 641 2848 ἐπίλυσιν,
682 2781 1080 2853 ἀδημονούσης
1107 2787 1169 2839 δὲ
1196 2784 1338 2852 πρὸς
1363 2785 1467 2855 τήν
1502 2789 1617 2839 τῶν
1645 2784 1772 2838 ε’σο-

14 2859 19 2897 3
74 2865 258 2934 μένων
296 2868 548 2937 ἔκβασιν,
589 2867 683 2921 καὶ
719 2866 819 2922 τὸν
858 2866 1236 2937 ἀνθρώπινον
1272 2873 1403 2939 βίον
1429 2872 1773 2937 οἰκτιζούσης
