1916 3132
3 0 93 28 με.
142 0 237 14 ww
271 0 495 39 cfr-„ww
547 0 789 40 ..μμ-υμ-
939 0 967 33 7
1012 0 1023 3 -
1253 0 1277 26 a
1679 0 1682 3 v
1725 5 1741 13 ..
1859 0 1916 62 Ἴ

183 143 288 195 238
880 145 1169 194 ΟΓΔΟΟΝ

185 281 376 351 ὀλίγας
401 284 503 335 τοῦ
530 283 891 352 περιέσεσθαι
915 280 1013 344 τοὶς
1040 282 1266 345 ἐλπίδας
1294 283 1709 353 ἐνδεικνυμένη.
1771 282 1882 352 ἐγώ

185 365 240 420 δ’
282 363 353 419 ἂν
390 363 739 421 ταῦταχοῦδὲ
788 361 1098 437 ἐρρωμένῃ
1097 369 1332 438 ἔδωκα,
1380 372 1595 422 θάττον
1631 389 1704 422 αν
1739 388 1883 438 προ-

187 441 560 521 αποθανούσῃ
588 452 680 504 καὶ
707 450 851 520 ἡμᾶς
877 438 1310 522 6υναπολεσάσῃ
1335 452 1373 521 ἦ
1399 452 1604 523 ἑκούσῃ
1630 451 1763 516 τοῦς
1786 452 1884 507 νέ-

186 555 286 599 ους
314 536 573 606 ἐκδούσῃ.
642 534 713 588 σῦ
750 536 810 589 δὲ
840 537 918 599 εἰς
944 533 1145 603 καιρὸν
1170 535 1325 603 ἥκων
1352 542 1490 591 ἰ’6θι.
1554 537 1648 591 καὶ
1674 535 1882 591 ὑποδε-

183 616 418 688 ξάμενος
443 620 543 688 ἄγε
580 619 710 682 τούς
745 620 954 687 ξένους,
995 621 1088 673 καὶ
1123 618 1226 689 τὴν
1262 622 1341 684 εἰς
1376 621 1622 690 δύναμιν
1650 621 1877 676 ἐπικου-
1908 646 1916 681 1

187 708 318 806 ρίαν
364 704 676 774 σύσπευδε,
736 704 830 758 καὶ
878 702 1123 758 κατελέει
1167 709 1446 769 παντοίως
1493 704 1730 769 ἀθλίους
1774 707 1882 775 μὲν

186 786 351 853 ὄντας
390 789 482 842 καὶ
521 791 951 858 κακοδαίμονας,
993 791 1085 842 καὶ
1122 795 1325 857 μυρίας
1362 793 1544 858 αἰκίας
1581 789 1672 844 καὶ
1706 791 1881 844 κολά-

186 888 319 943 σεις,
359 874 428 927 οὔ
453 894 538 927 τοι
565 874 790 937 ἑκόντος
817 874 971 942 ἐμοῦ,
1011 877 1388 942 κελευομένου
1423 876 1485 928 δὲ
1521 874 1660 945 πρὸς
1681 873 1882 976 Ἀρσά-

186 979 304 1028 κης,
341 957 717 1061 υποστάντας,
751 952 926 1011 τάλλα
965 959 1054 1027 δέ,
1094 979 1168 1020 ως
1194 961 1404 1026 ἔοικεν,
1455 961 1518 1011 εὐ
1556 959 1916 1028 γεγονότας,

186 1045 278 1095 καὶ
303 1041 391 1106 ’ως
427 1042 460 1113 ἡ
499 1044 663 1113 πεϊρά
701 1063 794 1111 μοι
833 1044 927 1094 και
964 1062 1030 1094 τα
1071 1045 1206 1111 ἔργα
1233 1044 1562 1112 παρέστησε,
1602 1062 1668 1096 τα
1692 1042 1916 1104 πάνται

185 1129 503 1198 σώφρονας.
555 1130 649 1181 καὶ
677 1127 786 1197 ἅμα
813 1129 994 1195 λέγων
1018 1120 1158 1196 ἦγεν
1187 1129 1277 1179 ἐπὶ
1305 1127 1365 1180 τὸ
1394 1127 1792 1197 δεσμωτήριον.

292 1211 321 1265 6
357 1213 460 1281 μὲν
499 1214 566 1282 δὴ
607 1211 841 1280 Βαγώας
880 1210 1021 1265 ἰδών
1058 1209 1191 1274 τοῦς
1235 1212 1398 1274 νέους
1444 1210 1746 1281 δεσμώτας,
1786 1213 1881 1264 καὶ

183 1295 291 1366 ἤδη
318 1300 492 1349 ταῦτα
516 1317 610 1350 και
647 1294 815 1364 πρὸς
820 1316 935 1348 των
929 1297 1249 1372 Αασανων
1273 1277 1810 1367 τετρυχωμένους,[’
1783 1316 1893 1351 εκ-γ

183 1380 465 1450 πέπληκτο
504 1385 607 1434 τοῦ
634 1382 907 1450 μεγέθους
943 1379 1052 1449 ἅμα
1091 1380 1184 1434 καὶ
1195 1370 1479 1442 κάλλους.
1544 1384 1604 1434 οἳ
1625 1383 1686 1434 δὲ
1712 1384 1878 1435 τοῦτο

187 1467 370 1519 έκεῖνο
411 1462 555 1519 εἶναι
594 1468 952 1535 νομίσαντες,
1000 1466 1092 1517 καὶ
1119 1463 1259 1534 ἀωρὶ
1297 1464 1428 1528 τοῦς
1464 1464 1592 1535 περὶ
1628 1465 1726 1518 τὸν
1762 1470 1879 1518 Βα-
1909 1489 1916 1522 1

182 1553 341 1619 γώαν
378 1550 536 1620 ἥκειν
573 1550 675 1620 τὴν
704 1551 791 1603 ἐπὶ
827 1553 1059 1620 θανάτῳ
1099 1549 1191 1602 καὶ
1228 1547 1330 1619 τὴν
1367 1552 1697 1603 τελευταίαν
1733 1548 1877 1604 ἀπά-

185 1636 400 1703 ξοντας,
442 1637 519 1698 εἰς
543 1632 726 1703 βραχὺ
751 1636 856 1701 μὲν
883 1634 1352 1703 διεταράχθησαν,
1395 1631 1509 1687 εἶτα
1537 1633 1878 1703 ἀνενεγκόνἣ

183 1739 272 1782 τες
300 1720 476 1790 ἱλαρῷ
504 1719 598 1771 καὶ
625 1721 1006 1790 διακεχυμένῳ
1040 1723 1117 1789 τῷ
1152 1717 1441 1788 βλέμματι,
1484 1718 1567 1772 ὅτι
1602 1718 1879 1789 ἀφροντι-

185 1808 380 1857 στοῦσι
418 1803 510 1856 καὶ
549 1806 783 1855 πλείονα
822 1806 1135 1870 χαίρουσιν,
1179 1805 1432 1873 ἐπίδηλοι
1461 1812 1577 1866 τοῖς
1601 1808 1878 1873 παροῦσιν

187 1889 456 1956 ἐγίνοντο.
517 1885 624 1956 ἥδη
663 1890 804 1954 γοῦν
841 1891 956 1939 τῶν
992 1885 1120 1954 περὶ
1158 1885 1258 1940 τὸν
1293 1887 1596 1957 Εὐφράτην
1632 1890 1916 1956 πλησια-π

184 1972 394 2037 ζόντων
432 1971 526 2025 καὶ
565 1965 1179 2039 ἐπιδραττομένωνὶκαὶ
1216 1970 1323 2024 ἀπὸ
1361 1975 1475 2024 τών
1511 1974 1699 2035 ξύλων
1737 1970 1877 2042 πρὸς

184 2050 268 2120 οἷς
292 2055 359 2110 τὰ
387 2056 563 2124 δεσμοὶ
594 2056 1021 2109 κατακέκλειστο
1055 2051 1477 2124 ῦπεκλυόντων,
1519 2054 1548 2108 6
1576 2057 1874 2125 Θεαγένης,

186 2133 250 2194 εὖ
287 2161 351 2209 γε
386 2140 419 2209 ἡ
461 2138 719 2211 ἀλάστωρ
754 2138 1022 2208 Ἀρσάκη,
1070 2137 1406 2208 ἀνεβόησεν,
1455 2138 1542 2193 ὅτι
1579 2141 1743 2192 νυκτὶ
1781 2139 1875 2193 καὶ

183 2225 334 2296 ζόφῳ
361 2223 458 2287 τὰς
484 2225 681 2293 ἑαυτῆς
708 2223 1010 2293 ἀθεμίτους
1035 2223 1261 2291 πράξεις
1288 2225 1656 2293 ἐπικρύπτειν
1682 2228 1870 2277 οἴεται.

185 2309 369 2374 δεινος
391 2311 452 2361 δὲ
480 2308 508 2362 ὁ
534 2314 631 2378 τῆς
662 2311 818 2378 δίκης
843 2305 1139 2377 ὀφθαλμὸς
1176 2309 1422 2376 ἐλέγχειν
1446 2306 1513 2360 τα
1539 2307 1754 2378 κρύφια
1779 2306 1875 2381 καὶ
1901 2322 1916 2357 2

183 2391 251 2446 τά
298 2387 533 2462 ἀθέμιτα
582 2397 855 2462 φωτίζειν.
941 2391 1062 2446 ἀλλ’
1104 2389 1259 2460 ὑμεῖς
1305 2392 1371 2444 τὰ
1417 2393 1876 2462 προστεταγμένα

184 2478 477 2546 πράττετε,
536 2479 628 2529 καὶ
689 2483 798 2530 εἴτε
845 2481 961 2546 πῦρ
1012 2482 1120 2530 εἴτε
1166 2475 1321 2543 ὕδωρ
1376 2478 1691 2545 εἴτεξίφος
1738 2474 1875 2544 ὤρι-

185 2576 310 2614 σται
336 2559 464 2614 καθ’
498 2559 675 2630 ἡμῶν,
714 2562 815 2614 τὸν
842 2560 1014 2614 αὐτὸν
1041 2562 1155 2629 ἅμα
1193 2562 1286 2612 καὶ
1312 2562 1410 2613 ἕνα
1435 2561 1691 2613 θάνατον
1714 2561 1873 2629 χαρί-

185 2651 366 2698 σασθε
413 2645 763 2713 ἀμφοτέροις.
848 2645 1265 2714 συμπαρεκάλει
1316 2645 1378 2697 δὲ
1425 2644 1492 2698 τά
1529 2643 1670 2697 αὐτὰ
1709 2640 1870 2711 καὶὴ

151 2782 156 2787 ,
185 2732 507 2797 Χαρίκλεια.
575 2730 1053 2797 ἐπιδακρύσαντες
1086 2721 1190 2783 οῦν
1217 2729 1309 2782 καὶ
1339 2730 1397 2782 οἱ
1419 2728 1682 2796 εὐνοῦχοι
1707 2730 1872 2796 (συν-
1899 2748 1916 2788 ³

0 2828 105 2878 Ἣ
186 2817 344 2867 ίεσαν
380 2812 490 2882 γὰρ
526 2807 716 2883 ἡρέμα
739 2818 854 2867 τῶν
892 2815 1231 2883 λεγομένων)
1270 2811 1460 2876 αὐτοῖς
1502 2813 1724 2881 δεσμοῖς
1758 2809 1874 2864 ὑπ-
1912 2855 1916 2877 3

10 2900 19 2915 ’“
47 2896 58 2934 f
187 2897 406 2968 εξῆγον.
