1916 3132
194 34 293 127 158
913 77 1160 125 EKTON

190 213 307 282 βῶν
342 204 500 283 ἦγεν.
561 211 926 283 ἡΧαρίκλεια
967 214 1029 266 δὲ
1066 212 1247 267 πολλὰ
1284 214 1885 269 συνέπεσθαιγίκετεύ-

191 314 336 352 ουσα
362 300 555 367 μένειν
583 297 723 351 κατὰ
751 296 941 367 χῶραν
969 298 1229 367 ἐβιάσθη,
1269 296 1343 361 ῶς
1378 297 1509 352 οὔτε
1546 298 1739 368 πόρρω
1772 317 1886 353 που

190 381 486 452 άφίξονται
524 382 617 435 καὶ
653 381 728 444 ῶς
755 381 957 436 αὐτίκα
984 382 1094 436 σὺν
1119 386 1196 453 τῷ
1224 384 1489 451 Θεαγένει
1514 381 1710 452 ἥξουσι
1736 385 1887 452 διεγ-

189 468 485 536 γυωμένου
522 471 623 520 τοῦ
650 468 1058 529 Ναυσικλέους.
1124 469 1217 520 καὶ
1251 467 1352 537 τὴν
1390 468 1494 537 μὲν
1520 465 1694 520 αὐτοῦ
1720 486 1891 521 κατα-

192 555 468 621 λείπουσι,
512 552 692 622 λύπης
728 571 788 604 τε
828 551 920 605 ἐπὶ
946 556 1022 622 τῷ
1049 554 1431 622 χωρισμῶκαὶ
1459 555 1632 621 χαρᾶς
1659 549 1748 604 ἐπὶ
1773 560 1889 614 τοῖς

193 638 569 706 ἐλπιζομένοις
609 639 671 690 ἐν
708 638 1432 706 μεταιχμίῳ-σαλεύουσαν·
1472 635 1631 690 αὐτοὶ
1671 637 1732 689 δὲ
1759 635 1886 704 ἄρτι

190 725 287 793 τῆς
322 723 508 792 κῶμης
546 719 703 784 ἐκτὸς
740 721 1061 789 γεγονότες,
1103 721 1195 774 καὶ
1220 719 1316 784 τοὶς
1342 718 1518 789 ὄχθας
1543 723 1646 774 τοῦ
1671 723 1888 774 Νείλου

190 810 661 876 παραμείβοντες,
711 806 1077 872 κροκόδειλον
1126 803 1336 873 ὁρῶσιν
1390 803 1499 858 άπὸ
1538 808 1650 858 τῶν
1689 803 1888 868 δεξιῶν

194 894 284 946 ἐπὶ
329 892 543 959 θάτερα
588 888 956 959 διερπύζοντα
995 891 1088 942 καὶ
1126 893 1201 960 τῷ
1241 890 1451 959 ῥείθρῳ
1493 894 1595 942 τοῦ
1636 891 1888 957 ποταμοῦ

192 975 300 1031 σὺν
319 974 467 1047 ὀξείᾳ
488 979 554 1045 τῇ
577 974 724 1045 ρύμῃ
746 974 1187 1042 καταδυόμενον.
1239 975 1298 1026 οἰ
1319 975 1423 1043 μὲν
1457 973 1525 1044 δὴ
1549 972 1710 1026 ἄλλοι
1737 989 1882 1026 συν-
1913 1002 1916 1028 :

190 1062 344 1131 η’θως
383 1080 440 1113 τε
478 1063 571 1113 καὶ
609 1059 908 1129 ἀθορύβως
945 1057 1008 1111 τὸ
1047 1056 1232 1128 ὀφθὲν
1269 1052 1429 1127 ἦγον,
1480 1055 1629 1126 πλὴν
1674 1056 1810 1110 ὅσον
1857 1053 1887 1112 6

190 1144 771 1215 Kastdmpcgflco'kvpoi
808 1163 860 1196 τι
897 1144 1010 1196 τῶν
1058 1140 1190 1195 καθ’
1236 1141 1370 1195 ὁδὸν
1419 1142 1888 1212 ἐπισημαίνεσθαι

191 1229 534 1299 προύλεγεν·
598 1226 626 1281 6
673 1228 734 1280 δὲ
771 1226 1023 1296 Κνήμων
1062 1224 1155 1279 καὶ
1194 1225 1417 1296 σφόδρα
1460 1228 1707 1280 ἐπτοεῖτο
1745 1222 1886 1296 πρὸς

191 1314 292 1385 τὴν
319 1312 470 1380 ὄψιν,
502 1312 635 1366 οὐδὲ
662 1312 906 1381 ἀκριβῶς
934 1310 1087 1382 αὐτῷ
1114 1311 1215 1364 τοῦ
1242 1311 1384 1376 ζῶου
1411 1314 1712 1379 φανέντος,
1740 1308 1883 1364 om&

193 1403 354 1462 σκιᾶς
391 1394 566 1451 αὐτὸν
603 1398 777 1451 πλέον
813 1400 1105 1471 χθαμαλῆς
1141 1394 1595 1466 ὑποδραμούσης,
1622 1392 1730 1449 ’καὶ
1767 1392 1886 1448 ὀλί-

191 1479 436 1552 γουὲδει
463 1481 556 1535 καὶ
582 1479 948 1552 ὑποφεύγειν.
1000 1479 1028 1534 6
1049 1480 1116 1551 δὴ
1137 1483 1447 1549 Καλάσιρις
1469 1479 1603 1534 ὅσον
1624 1483 1888 1532 πλεῖστον

192 1571 294 1621 τοῦ
331 1567 725 1628 Ναυσικλέους
774 1567 1143 1636 ἐκγελῶντος,
1193 1557 1235 1619 ῶ
1273 1566 1540 1635 Κνήμων,
1590 1567 1725 1634 ἔφη,
1776 1561 1885 1631 ἐγώ

194 1654 298 1723 μὲν
325 1651 483 1722 ᾤμην
509 1651 735 1719 νύκτωρ
764 1667 852 1705 σοι
878 1653 1056 1720 μόνον
1081 1649 1186 1720 τὴν
1225 1652 1441 1703 δειλίαν
1482 1652 1754 1718 ἐνοχλεῖν,
1793 1643 1887 1700 καὶ

193 1735 334 1806 πρὸς
371 1740 471 1789 τοῦ
513 1736 750 1799 σκότους
789 1751 876 1790 σοι
914 1734 977 1789 τὸ
1003 1735 1282 1804 ψοφοδεὲς
1307 1734 1682 1803 ἐπιγίνεσθαι·
1723 1733 1796 1786 σὺ
1823 1731 1886 1784 δὲ

193 1820 301 1926 ἄρα
340 1820 433 1874 καὶ
470 1819 602 1890 μεθ’
629 1819 844 1890 ἡμέραν
883 1814 1034 1890 ἦσθα
1058 1822 1218 1918 λίαν,
1258 1816 1332 1881 ῶς
1370 1822 1545 1887 ἔοικε,
1584 1815 1899 1886 τολμηρός·-

193 1907 288 1959 καὶ
314 1904 419 1959 οὐκ
450 1903 698 1975 ὀνόματά
725 1919 813 1958 σοι
839 1904 1016 1974 μόνον
1042 1901 1379 1973 ἀκουόμενα,
1406 1902 1511 1972 ἤδη
1538 1904 1599 1955 δὲ
1627 1903 1720 1955 καὶ
1743 1903 1887 1954 θεά-

193 2010 338 2059 ματα
364 1994 477 2044 τῶν
506 1990 570 2044 ἐν
595 1991 727 2043 ποσὶ
753 1992 845 2042 καὶ
873 1988 1026 2042 ἀδεᾶ
1023 1989 1280 2058 τάραχον
1307 1987 1588 2056 ἐμβάλλει.
1625 1985 1718 2039 καὶ
1737 1989 1888 2050 τίνος

194 2079 370 2142 θεῶν,
398 2077 505 2143 ἔφη
533 2072 561 2159 6
590 2077 944 2142 Ναυσικλῆς,
978 2072 1016 2142 ἢ
1042 2057 1193 2135 τίνος
1218 2071 1506 2140 δαιμόνων
1534 2069 1758 2124 ἀκούων
1783 2067 1887 2139 τὴν

194 2160 524 2235 ἐπωνυμίαν
551 2156 580 2210 6
607 2158 843 2226 χρηστὸς
869 2156 1000 2226 ἡμιν
1036 2150 1222 2220 οὗτος
1222 2154 1338 2209 οὐκ
1377 2154 1655 2224 άνε’χεται;
1698 2156 1750 2208 εἰ
1781 2154 1886 2222 μὲν

192 2241 287 2295 καὶ
322 2246 498 2309 θεῶν,
542 2241 915 2312 ἀπεκρίνατο,
965 2240 1000 2310 ἢ
1038 2242 1343 2308 δαιμόνων,
1384 2237 1487 2292 οὐκ
1526 2241 1630 2308 ἔχω
1668 2241 1880 2306 λέγειν’
1913 2263 1916 2291 :

192 2325 506 2395 άνθρῶπου
543 2326 623 2393 δέ,
663 2328 756 2379 καὶ
795 2324 825 2378 ὃ
863 2326 1035 2378 πλέον
1076 2323 1193 2376 ἐστὶ
1230 2323 1584 2392 θαυμαστόν,
1624 2320 1756 2375 οὐδὲ
1781 2319 1881 2375 άν-

192 2412 327 2511 δρός
351 2430 502 2472 τινος
527 2406 561 2479 ἢ
587 2413 701 2463 τῶν
729 2407 819 2463 ἐπ’
844 2410 1078 2478 ἀνδρεία
1101 2409 1481 2476 βεβοημένων,
1510 2405 1652 2460 άλλά
1681 2403 1899 2474 γυναι-4

191 2495 312 2563 κός,
351 2494 445 2549 καὶ
482 2495 685 2564 ταύτης
723 2497 953 2561 νεκρᾶς,
995 2489 1067 2555 ῶς
1105 2489 1274 2554 αὐτός
1311 2505 1503 2560 φησιν,
1545 2496 1709 2554 εἴτις
1735 2492 1883 2559 λέγει

190 2578 458 2648 τοῦνομα,
499 2579 750 2647 πέφρικε.
809 2582 906 2646 τῆς
942 2580 1083 2645 γοῦν
1122 2577 1325 2639 νυκτὸς
1361 2574 1495 2629 καθ’
1525 2596 1596 2645 ην
1632 2571 1742 2627 άπὸ
1768 2575 1881 2627 τῶν

191 2664 486 2734 βουκόλων
527 2663 756 2731 ἐπέστης
786 2659 1088 2726 άνασῶζων
1128 2661 1262 2730 ἡμῖν
1300 2653 1346 2713 ῶ
1379 2659 1538 2728 ’γαθὲ
1575 2679 1678 2728 την
1703 2659 1916 2754 Χαρί-Ξς

193 2752 404 2814 κλειαν,
445 2745 551 2800 οὐκ
589 2744 693 2800 οἷδ’
727 2746 876 2809 ὅπως
909 2745 946 2814 ἢ
983 2745 1139 2814 ὅθεν,
1175 2745 1243 2797 οὑ
1269 2746 1432 2812 λέγω,
1469 2743 1671 2804 τούτου
1697 2756 1906 2808 παρα-

193 2832 414 2903 κηκοῶς
459 2835 579 2903 τοῦ
588 2850 911 2901 ονοματος,
965 2828 1099 2883 οὐδὲ
1147 2827 1281 2881 ὅσον
1329 2828 1466 2898 πρὸς
1512 2805 1694 2897 βραχὺ
1743 2825 1900 2893 γοῦν
