1916 3132
210 130 312 183 182
884 131 1236 180 ΕΒΔΟΜΟΝ

201 267 369 339 ἡνίκα
408 269 620 337 ἐγίνετο
659 267 1062 338 ἀγνοήσαντες,
1104 268 1168 322 ἐκ
1207 269 1269 323 δὲ
1307 271 1420 322 τῶν
1458 269 1776 337 λεχθέντων
1813 268 1890 324 δι’

202 351 446 418 ὑποψίας
492 372 552 406 τε
602 351 834 422 ἄγοντες
879 354 972 405 καὶ
1010 351 1293 421 ἀλήθειαν
1333 348 1476 406 εἶναι
1512 352 1894 419 πιστεύοντες·

144 439 180 491 4
204 435 237 507 ἡ
260 438 328 510 δὲ
357 436 596 507 Ἀρσάκη
623 439 795 490 πλέον
819 433 856 506 ἢ
882 437 1200 505 σύμπαντες
1225 437 1514 506 συνεχύθη
1539 438 1644 507 τὴν
1679 437 1895 491 διάνοι-

204 544 276 576 αν
303 524 395 575 καὶ
427 520 677 575 κλύδωνι
715 525 1151 591 φροντισμάτων
1191 524 1641 590 περιεστοίχιστο.
1703 523 1895 591 θυμοῦ

202 609 307 676 μὲν
342 606 450 676 γάρ
491 607 582 660 ἐπὶ
619 601 717 660 τὸν
750 606 1053 676 Πετόσιριν
1092 608 1478 676 πληρουμένη,
1519 607 1612 660 καὶ
1648 607 1790 677 πρὸς
1824 606 1892 661 τά

203 691 374 745 πάλαι
401 690 692 761 συμβάντα
718 690 821 760 τὴν
847 691 1107 744 διάνοιαν
1133 688 1621 759 ἀναπεμπάζουσα,
1651 691 1802 756 ὅπως
1821 691 1894 747 ἂν

203 777 576 846 τιμωρήσαιτο
624 776 1012 829 συνετάττετο·
1060 774 1159 828 τὸν
1193 776 1254 827 δὲ
1296 776 1519 845 Θύαμιν
1558 773 1761 845 ὁρῶσα,
1800 775 1892 830 καὶ

203 855 373 922 αυθις
406 858 505 913 τὸν
534 861 836 929 Θεαγένην,
873 861 1136 913 διεσπᾶτο
1163 879 1270 928 την
1297 859 1553 913 διάνοιαν
1579 860 1673 913 καὶ
1699 863 1894 931 ἐμερί-

203 950 315 1011 ζετο
355 947 431 1008 εἰς
467 942 571 1012 τήν
609 946 750 1013 πρὸς
788 944 1052 1010 ἑκάτερον
1081 945 1412 1012 ἐπιθυμίαν,
1453 946 1642 1029 ἔρωτα
1671 945 1757 997 ἐπ’
1787 943 1893 1014 ἀμ-

203 1031 461 1098 φοτέροις
486 1027 585 1098 τὸν
601 1031 714 1099 μεν
739 1027 1152 1096 ἀνανεουμένη,
1189 1026 1288 1097 τῷν
1314 1029 1375 1087 δε
1390 1010 1788 1098 δριμύτερον’
1767 1027 1916 1098 άρτι

199 1119 268 1185 τῇ
309 1108 467 1182 ψυχῇ
476 1105 980 1210 καταβαλλομένη,
1021 1112 1166 1166 ω’στε
1189 1103 1338 1165 ουδὲ
1373 1131 1507 1174 τους
1532 1112 1887 1182 περιεστηκό-

200 1220 298 1262 τας
319 1201 525 1252 ἔλαθεν
545 1195 621 1249 αδ
617 1212 921 1266 ημονουσα
962 1196 1111 1290 πλὴν
1138 1194 1280 1250 ἀλλὰ
1304 1194 1509 1266 μικρὸν
1535 1198 1891 1266 διαλιποῦσα,

201 1283 296 1337 καὶ
336 1282 523 1348 ω’σπερ
561 1284 612 1334 εἰ
647 1281 701 1345 ἐξ
733 1262 1054 1352 ἐπιλήψεως
1072 1280 1278 1349 εαυτὴν
1305 1275 1706 1361 ἀναλαβοῦσα,
1726 1281 1893 1334 πολέ-

201 1389 311 1444 μου
338 1368 457 1436 μέν,
494 1366 536 1419 ὠ
563 1367 869 1434 βέλτιστοι,
908 1370 1043 1435 ἔφη,
1080 1369 1289 1439 Qv
1317 1365 1649 1434 ε’νοσήσατε,
1688 1348 1896 1428 πάντες

201 1454 305 1522 μὲν
291 1454 625 1519 Βησσαεῖς,
655 1449 757 1519 οὐχ
782 1451 980 1519 ἥκιστα
1006 1451 1075 1504 δὲ
1095 1447 1270 1518 υμεῖς,
1299 1448 1525 1517 ἀκμαῖοι
1550 1469 1643 1503 και
1668 1452 1916 1519 χαρίεν-1

200 1556 290 1598 τες
317 1534 463 1588 οὕτω
491 1539 712 1587 νεανίαι
738 1533 830 1588 καὶ
858 1535 922 1587 εὐ
957 1527 1393 1602 γεγονότες,<ὠς
1427 1534 1689 1602 γινώσκω
1715 1553 1776 1587 τε
1800 1533 1895 1587 καὶ

204 1621 442 1685 εἰκάζειν
478 1617 789 1725 ⁷²0²0⁸⁶w<»
825 1621 904 1693 εἰς
929 1622 1231 1717 προῦπτον
1270 1610 1755 1686 κίνδυνον,ζὺπὲρ
1794 1621 1896 1688 λῃ-

202 1721 352 1758 στων
401 1704 494 1755 καὶ
541 1706 749 1770 ταῦτα,
773 1692 1368 1784 {avibfigffloeffe'vveffi
1396 1702 1552 1779 [οὐδὲ
1599 1703 1742 1770 πρὸς
1788 1722 1894 1771 την

202 1787 432 1888 πρώτην
457 1787 802 1855 προσβολήν,
842 1789 892 1839 εἰ
914 1787 1090 1856 μάχης
1116 1787 1387 1853 δεήσειεν,
1424 1785 1779 1855 ἀρκέσοντες·
1818 1807 1891 1857 μη

201 1870 308 1943 γάρ
336 1871 484 1925 οὕτω
511 1869 578 1923 τὰ
604 1874 853 1939 μεγάλου
878 1872 1150 1940 βασιλέως
1175 1869 1545 1939 ἀσθενήσειεν
1570 1870 1675 1939 οὸς,
1717 1873 1768 1924 εἰ
1798 1871 1916 1924 nal:

203 1957 303 2012 τὸν
329 1955 621 2025 σατράπην
648 1953 871 2008 ἀπεῖναι
898 1957 1223 2023 συμβαίνει,
1251 1953 1324 2024 μὴ
1352 1953 1444 2007 διὰ
1468 1958 1583 2008 τῶν
1608 1955 1894 2020 λειψάνων

202 2046 347 2111 γοῦν
382 2045 480 2109 τῆς
521 2038 771 2093 ἐνταῦθα
808 2047 1078 2107 στρατιάς
1097 2037 1345 2101 άπαντας
1370 2036 1512 2107 υμᾶς
1538 2043 1896 2109 σαγηνευθῆ-

203 2147 315 2180 ναι.
380 2122 506 2177 ἀλλ’
537 2121 725 2190 οὐδέν,
764 2144 961 2226 οιμαιζ
1008 2124 1098 2176 δεῖ
1129 2125 1425 2191 τρίβεσθαι
1461 2142 1593 2185 τους
1628 2123 1891 2191 πολλούς,

203 2212 318 2263 καὶ
307 2204 586 2311 τῇς-κατὰ
611 2208 718 2277 τὴν
743 2210 952 2274 ἔφοδον
979 2206 1315 2279 προφασεως
1342 2182 1485 2270 ἰδίας
1509 2210 1680 2261 τινῶν
1700 2207 1892 2277 οὔσης,

205 2290 421 2347 ἀλλὀὐ
449 2283 717 2360 δημοσίας
743 2290 875 2345 οὐδὲ
905 2289 1227 2397 κοινῆς,)μὴ
1255 2289 1380 2360 οὐχὶ
1401 2289 1491 2344 και
1521 2262 1633 2362 ἰδίᾳ
1657 2289 1760 2361 τήν
1786 2289 1916 2362 (ἐμ-1

205 2379 548 2448 φισβήτησιν
587 2379 885 2444 κρίνεσθαι
922 2378 1014 2429 και
1052 2375 1224 2463 πέρας
1248 2376 1309 2428 τὸ
1339 2374 1400 2428 ἐκ
1423 2378 1579 2427 θεων
1604 2393 1662 2427 τε
1687 2376 1781 2428 καὶ
1807 2375 1914 2428 δί-’

205 2483 305 2531 κης
353 2459 523 2528 αὐτῆς
573 2457 1019 2543 ορ-σθησομενον
1060 2439 1402 2527 ἐκδέχεσθαι.
1479 2460 1639 2511 δοκει
1671 2458 1742 2528 δή
1777 2478 1891 2528 μοι,

194 2550 332 2615 ἔφη,
374 2547 466 2598 και
495 2546 821 2612 προστάττω
848 2542 977 2606 τούς
1001 2564 1105 2612 μεν
1132 2541 1336 2605 ἄλλους
1362 2547 1677 2611 Μεμφιτων
1703 2561 1763 2596 τε
1799 2545 1893 2596 καὶ

204 2630 510 2698 Βησσαέων
535 2628 779 2698 ἡσύχους
808 2625 969 2697 εἶναι,
1009 2628 1147 2696 μηδε
1183 2624 1607 2695 ἀπροφάσιστον
1633 2625 1893 2695 ἀλλήλοις

206 2715 496 2783 ἐπιφέρειν
533 2714 800 2781 πόλεμον,
839 2708 969 2775 τούς
1003 2713 1064 2764 δὲ
1106 2715 1201 2780 τῆς
1237 2713 1578 2779 προφητείας
1610 2708 1916 2789 ἀμφισβη-Ξ

202 2802 443 2860 τοῦντας
492 2795 631 2866 πρὸς
681 2795 961 2866 ἀλλήλους
978 2794 1782 2904 μονομαχήσανταςὶἔπαθλον
1815 2796 1891 2864 τῷ

204 2901 429 2935 νικωντι
470 2881 791 2951 προθέσθαι
828 2900 930 2967 την
971 2881 1298 2948 ίερωσυνην.
