1916 3132
24 1047 65 1080 10

21 1469 63 1502 15

22 2313 64 2346 25

800 130 1102 179 ΠΡΩΤΟΝ
1729 130 1799 184 35

205 270 378 321 ταῦτα
409 265 582 321 εἰπών
607 263 707 319 τὸν
732 265 1094 336 ὑπασπιστὴν
1122 268 1511 337 περιεσκόπει,
1540 267 1633 322 καὶ
1661 267 1794 324 ὀνο-
1811 272 1881 325 30

98 352 263 420 μαστὶ
291 353 616 427 Θέρμουθιν
656 351 842 404 ἐκάλει
878 353 1174 415 πολλάκις·
1217 350 1289 415 εὸς
1326 354 1387 406 δὲ
1420 345 1494 422 ἦν
1521 353 1795 424 οὐδαμοῦ,

97 433 276 488 πολλοὶ
314 437 682 506 διαπειλῆσας
709 435 798 489 ἐπὶ
836 436 941 506 τὴν
979 438 1268 507 πορθμίδα
1297 439 1564 509 δρομαῖος
1590 442 1795 493 ἔσπευ-

98 521 212 572 δεν.
256 517 285 572 ὁ
309 518 418 588 γάρ
445 521 687 590 πόλεμος
714 518 818 590 ἤδη
840 522 1181 592 συνερράγη,
1211 522 1303 575 καὶ
1325 528 1514 593 παρῆν
1535 522 1677 593 ὁράν
1703 525 1796 578 καὶ

98 607 405 672 πόρρωθεν
431 603 562 668 τούς
587 606 654 658 τὰ
682 607 883 673 ἔσχατα
911 605 1051 659 κατὰ
1068 605 1166 670 τάς
1193 606 1451 676 εἰσβολὰς
1476 612 1572 678 τῆς
1599 612 1797 679 λίμνης

96 691 392 752 οἰκοῦντας
441 688 864 760 ἁλισκομένους.
954 693 1013 744 οῖ
1050 690 1160 760 γάρ
1221 691 1637 762 ἐπεληλυθότες
1682 697 1797 747 τῶν

96 770 532 828 ὑποπιπτόντων
569 770 605 844 ἢ
632 775 724 827 καὶ
750 779 907 846 φυγῇ
934 778 1238 844 χρωμένων
1265 778 1331 830 τά
1360 780 1551 848 σκάφη
1580 779 1672 831 καὶ
1699 777 1798 841 τάς

96 854 343 927 καλύβας
394 860 845 928 ἐνεπίμπρασαν·
912 858 1017 930 ὑφ’
1059 854 1141 914 οἷν
1188 866 1285 932 τῆς
1334 861 1544 931 φλογὸς
1594 862 1686 916 ἐπὶ
1733 862 1797 916 τὸ

95 947 336 1012 πλησίον
363 943 486 1006 ἕλος
511 944 996 1015 διαρριπιζομένης
1032 947 1126 999 καὶ
1152 944 1252 1000 τὸν
1289 948 1475 1000 πολὺν
1503 947 1624 1000 κατ’
1654 945 1793 1002 αὐτὸ

97 1030 351 1096 κάλαμον
387 1028 650 1098 σωρηδὸν
685 1030 995 1100 νεμομένης
1032 1029 1329 1100 ἄφραστόν
1364 1051 1416 1084 τι
1444 1033 1535 1085 καὶ
1572 1032 1793 1102 ἀφόρη-

95 1131 194 1165 τον
233 1111 324 1165 ἐπὶ
370 1111 502 1175 τοὺς
549 1111 884 1182 ὀφθαλμοὺς
933 1115 1097 1177 σέλας
1135 1117 1417 1185 ἔμπυρον,
1461 1117 1552 1170 ἐπὶ
1592 1118 1654 1170 δὲ
1693 1118 1795 1186 τὴν

95 1193 271 1265 ἀκοήν
298 1195 398 1266 ἠχὴ
427 1198 769 1264 κατάκροτος
801 1200 1121 1268 ἐπεφέρετο.
1164 1200 1257 1252 καὶ
1292 1203 1541 1269 πολέμου
1569 1204 1683 1254 πᾶν
1713 1199 1793 1255 εἶ-

94 1281 191 1344 δος
227 1282 320 1334 καὶ
361 1281 648 1350 ἐνηργεῖτο
698 1286 788 1337 καὶ
839 1285 1162 1353 ἐξηκούετο,
1211 1288 1326 1337 τῶν
1363 1285 1467 1353 μὲν
1508 1284 1795 1355 ἐγχωρίων

93 1370 388 1435 προθυμίᾳ
414 1365 505 1419 καὶ
535 1367 691 1439 ῥώμῃ
719 1370 867 1439 πάσῃ
895 1368 997 1438 τὴν
1023 1369 1207 1437 μάχην
1234 1366 1653 1439 ὑφισταμένων,
1682 1374 1795 1423 τῶν

93 1450 154 1502 δὲ
181 1454 257 1521 τῷ
284 1471 341 1504 τε
368 1451 575 1519 πλήθει
603 1457 695 1506 καὶ
723 1457 822 1524 τῆς
851 1454 1064 1522 ἐφόδου
1091 1457 1167 1524 τῷ
1195 1452 1600 1526 ἀπροσδοκήτῳ
1635 1458 1799 1508 πλεῖ-

94 1550 230 1587 στον
255 1532 715 1605 ὑπερφερόντων,
746 1541 838 1591 καὶ
865 1537 998 1601 τούς
1018 1539 1122 1606 μὲν
1145 1539 1236 1591 ἐπὶ
1256 1543 1358 1607 γῆς
1378 1537 1792 1608 ἀναιρούντων,

94 1615 225 1682 τούς
245 1621 306 1672 δὲ
335 1622 410 1683 εἰς
435 1618 539 1690 τὴν
566 1625 772 1692 λίμνην
799 1621 990 1685 αὐτοῖς
1021 1622 1267 1690 σκάφεσι
1295 1624 1387 1676 καὶ
1415 1621 1609 1686 αὐτοῖς
1635 1621 1795 1692 οἰκή-

92 1719 225 1772 μασι
262 1707 658 1772 βαπτιζόντων.
737 1704 840 1776 ὑφ’
868 1699 948 1760 ὧν
985 1706 1252 1760 ἁπάντων
1290 1708 1501 1770 δοῦπός
1537 1729 1620 1770 τις
1653 1710 1796 1777 πρὸς

91 1789 192 1841 τὸν
229 1787 368 1858 ἀέρα
420 1794 700 1861 συμμιγὴς
747 1791 943 1862 ᾔρετο,
995 1793 1461 1860 πεζομαχούντων
1510 1793 1652 1860 ὁμοῦ
1699 1794 1792 1845 καὶ

93 1872 559 1942 ναυμαχούντων,
590 1876 882 1930 ὀλλύντων
901 1895 960 1929 τε
982 1875 1074 1929 καὶ
1102 1874 1448 1944 ὀλλυμένων,
1478 1879 1669 1947 αἵματι
1688 1877 1793 1947 τήν

93 1960 297 2027 λίμνην
324 1961 757 2029 φοινιττόντων,
797 1960 934 2028 πυρὶ
972 1962 1034 2014 δὲ
1070 1962 1164 2013 καὶ
1198 1958 1364 2015 ὕδατι
1402 1964 1791 2031 συμπλεκομέ-

92 2061 225 2096 νων.
290 2041 434 2111 ἅπερ
461 2041 535 2106 ὠς
561 2041 677 2098 εἶδέ
699 2065 758 2099 τε
784 2043 878 2098 καὶ
906 2043 1157 2115 ἤκουσεν
1184 2043 1212 2100 ὁ
1243 2047 1479 2114 Θύαμις,
1510 2045 1792 2115 ἐνθύμιον

93 2124 242 2197 αὐτῷ
281 2126 342 2180 τὸ
382 2126 520 2197 ὄναρ
558 2132 802 2198 γίνεται,
843 2129 980 2183 καθ’
1011 2126 1042 2182 ὃ
1077 2128 1181 2201 τὴν
1213 2124 1348 2184 Ἶσιν
1387 2130 1533 2200 ἑώρα
1559 2133 1652 2184 καὶ
1689 2129 1791 2185 τὸν

93 2209 240 2263 νεών
278 2210 501 2266 ἅπαντα
541 2216 852 2282 λαμπάδων
890 2215 984 2267 καὶ
1021 2219 1247 2268 θυσιῶν
1285 2213 1630 2285 ἀνάμεστον·
1698 2214 1790 2268 καὶ

93 2298 267 2350 ταῦτα
297 2296 484 2350 ἐκεῖνα
513 2295 655 2351 εἶναι
682 2301 749 2352 τὰ
778 2302 886 2352 νῦν
907 2297 1185 2369 ὁρώμενα,
1226 2299 1320 2353 καὶ
1357 2298 1499 2369 πρὸς
1523 2299 1590 2352 τά
1620 2299 1789 2352 ἐναν-

91 2384 180 2435 τία
204 2385 320 2434 τῶν
346 2383 635 2452 προτέρων
672 2384 776 2454 τὴν
814 2383 947 2447 ὄψιν
983 2386 1352 2453 συνέβαλλεν,
1394 2384 1469 2447 ὠς
1505 2387 1649 2454 ἔχων
1685 2382 1788 2453 οὐχ

91 2464 200 2530 ἕξει
225 2467 330 2535 τήν
356 2470 718 2536 Χαρίκλειαν,
759 2466 870 2521 ὑπὸ
897 2472 999 2522 τοῦ
1025 2469 1273 2537 πολέμου
1299 2470 1504 2538 ταύτης
1540 2467 1783 2538 ἀφαιρε-

91 2553 312 2619 θείσης,
352 2552 443 2603 καὶ
473 2550 547 2614 ὡς
573 2554 843 2618 φονεύσει
879 2553 972 2605 καὶ
1000 2552 1067 2606 ού
1091 2556 1324 2622 τρωσει,
1366 2555 1514 2621 ξίφει
1551 2554 1643 2606 καὶ
1682 2552 1787 2606 οὐκ

70 2631 418 2705 ,Ἀφροδίτης
443 2637 614 2706 νόμω.
654 2638 746 2690 καὶ
773 2637 955 2691 πολλοὶ
979 2637 1083 2708 τήν
1103 2637 1250 2692 θεάν
1277 2636 1349 2700 ὥς
1369 2637 1614 2706 δολερὰν
1639 2637 1786 2691 ὀνει-

22 2733 64 2768 30
95 2719 278 2787 δίσας,
326 2719 420 2772 καὶ
468 2721 660 2773 δεινὸν
710 2718 1060 2791 ἡγησάμενος
1099 2728 1154 2776 εἴ
1184 2743 1265 2786 τις
1302 2721 1473 2784 ἄλλος
1513 2720 1788 2790 ἐγκρατής

9 2821 12 2871 j
93 2804 245 2856 ἔσται
285 2808 637 2874 Χαρικλείας,
677 2805 882 2874 μικρὸν
922 2809 1172 2875 ἐπισχεῖν
1210 2805 1341 2869 τούς
1374 2806 1485 2860 σύν
1512 2804 1662 2874 αὐτῷ
1692 2823 1784 2857 κε-

10 2882 11 2897 ³
93 2889 326 2956 λεύσας,
366 2889 460 2941 καὶ
496 2887 570 2952 ὥς
607 2890 746 2944 κατά
784 2892 960 2945 τόπον
985 2891 1257 2961 μένοντας
1283 2897 1571 2944 ποιεῖσθαι
1599 2889 1786 2956 δεήσει

1376 2980 1509 3036 3*.
