1916 3132
759 141 1130 190 ΠΕΜΠΤΟΝ
1696 137 1798 191 145

95 296 123 354 ,ἶ
160 301 188 346 ς
209 300 270 336 τε
297 281 495 348 σώζοιο
530 275 670 349 πρὸς
706 284 822 333 τῶν
856 282 1039 348 θεῶν,
1080 277 1312 346 ἀνδρῶν
1347 279 1633 347 βέλτιστος
1667 279 1798 347 περὶ.

93 434 99 438 ⁸
130 359 237 439 μᾶς
271 365 674 435 γεγενημένος,
711 363 805 419 καὶ
841 363 1010 435 τήνδε
1046 364 1210 417 δίδου
1246 367 1575 416 τελευταίαν
1601 363 1791 431 χάριν’

153 455 206 505 ἐ
245 450 588 513 διαπλεύσας
627 451 704 512 εἰς
736 449 964 519 Ἰθάκην
999 446 1143 517 ὑπὲρ
1188 446 1346 518 ἡμῶν
1377 443 1663 516 ’ρδυσσεῆ
1704 448 1797 500 καὶ

83 541 238 590 ἀἴτει
275 539 371 605 τῆς
406 535 643 604 μήνιδος
680 532 900 588 ἀνεῖναι
947 537 1044 603 τῆς
1083 531 1215 587 καθ’
1244 531 1426 602 ἡμῶν,
1473 528 1546 602 ἢν
1585 531 1796 601 ἀγανα-

80 630 267 690 mecm,
307 617 382 684 m‘g
411 620 874 688 παρεωραμένος,
914 619 1084 688 τῆσδέ
1106 638 1201 687 μοι
1227 622 1325 688 τῆς
1350 617 1556 680 νυκτὸς
1584 618 1796 686 ἐπιφα-

93 706 210 769 νεὶς
258 705 644 776 ἐξηγόρευσεν.
732 705 1101 775 ἐπηγγέλλετο
1160 703 1420 772 ποιήσειν
1468 701 1646 770 οὕτω,
1705 703 1794 756 καὶ

93 788 221 860 ἄχρι
242 793 339 860 τῆς
365 791 506 852 νειὸς
531 790 912 858 παρέπεμπεν,
943 787 1305 854 ἐπιδακρύων
1326 808 1386 842 τε
1413 791 1675 857 πλεῖστα,
1705 786 1799 841 καὶ

14 915 16 918 -
71 861 196 930 ζτὸν
235 877 420 928 πλοῦν
455 872 588 944 ἡμῖν
627 872 888 944 ἀπήμονά
937 893 995 927 τε
1033 874 1302 942 γενέσθαι
1341 872 1434 926 καὶ
1474 874 1614 928 κατὰ
1658 877 1798 926 νοῦν

96 959 482 1029 ἐπευχόμενος.

200 1046 258 1098 τί
302 1046 392 1098 δεῖ
474 1044 756 1114 ηκύνοντα
805 1045 1086 1114 ἐνοχλεῖν;
1138 1042 1265 1112 ἄρτι
1315 1044 1631 1115 φωσφόρου
1670 1044 1796 1097 δια-
1816 1049 1884 1102 23

96 1129 166 1182 λά
253 1149 391 1183 αντο
432 1129 787 1200 ἀνηγόμεθα,
812 1130 993 1183 πολλὰ
1008 1129 1112 1200 μὲν
1134 1133 1246 1183 τῶν
1266 1133 1494 1182 ναυτῶν
1516 1127 1619 1198 τὴν
1641 1131 1797 1197 πρω-

93 1235 198 1284 την
226 1213 698 1283 ἐναντιουμένων,
735 1215 890 1278 τέλος
926 1215 987 1269 δὲ
1024 1214 1163 1283 πρὸς
1188 1218 1291 1269 τοῦ
1326 1216 1541 1280 Τυρίου
1569 1217 1672 1267 τοῦ
1701 1213 1791 1283 ε’μ-

95 1300 278 1370 πόρου
317 1301 688 1369 πεισθέντων,
740 1298 1049 1371 λῃστρικὴν
1086 1305 1619 1369 προαγορευθεῖσαν
1659 1301 1798 1368 ἔφο-

96 1385 199 1439 δον
219 1386 647 1454 διαδιδράσκειν
669 1386 941 1488 είπόντος
979 1383 1112 1438 καὶ
1093 1405 1121 1438 ο
1143 1405 1247 1453 μεν
1270 1383 1556 1438 ἐλάνθανε
1574 1382 1640 1436 τά
1662 1382 1830 1437 ὅντα3

97 1467 173 1534 ὣς
198 1470 427 1538 πλάσμα
387 1471 651 1559 λέγων,
689 1469 848 1539 ἡμεῖς
885 1471 946 1522 δὲ
973 1470 1258 1538 πνεύμασι
1289 1472 1492 1537 βιαίοις
1517 1469 1798 1538 χρησάμε-

23 1558 24 1563 ’
95 1575 214 1622 νοι,
243 1538 457 1624 ζάλης
430 1575 488 1608 τε
516 1554 883 1624 ἀπροσμάχου
912 1555 1005 1607 και
1031 1555 1323 1617 κλύδωνος
1348 1552 1645 1623 ἀφράστου
1674 1572 1798 1607 πει-

99 1640 394 1707 ραθέντες,
454 1637 764 1693 ἀπολέσθαι
813 1660 872 1693 τε
919 1639 1070 1708 παρὰ
1117 1638 1321 1709 μικρὸν
1371 1639 1668 1707 ἐλθόντες,
1721 1640 1800 1702 εἰς

97 1722 282 1791 ἄκραν
307 1723 433 1778 τινὰ
453 1726 740 1795 Κρητικὴν
767 1727 1249 1794 προσωκείλαμεν,
1279 1728 1393 1777 τῶν
1419 1744 1478 1777 τε
1505 1726 1799 1794 πηδαλίων

98 1810 347 1878 θάτερον
373 1809 754 1878 ἀποβαλόντες
781 1807 874 1862 καὶ
901 1812 997 1878 τῆς
1023 1814 1250 1877 κεραίας
1275 1808 1337 1862 τὸ
1365 1815 1635 1866 πλεῖστον
1658 1823 1799 1863 συν-

98 1897 413 1964 τρίψαντες.
477 1894 662 1948 ἐδόκει
688 1887 818 1963 οῦν,
859 1895 1163 1963 ἐπισκευῆς
1199 1915 1259 1948 τε
1284 1896 1481 1950 ἕνεκεν
1507 1898 1604 1964 τῆς
1630 1891 1800 1948 ὁλκά-

49 2045 56 2052 ⁴.
100 1981 198 2042 δος
223 1980 317 2033 καὶ
342 1978 502 2049 ἡμῶν
528 1976 717 2033 αὐτῶν
753 1976 1112 2050 ἀναλήψεως,
1151 1977 1358 2050 ἡμέρας
1394 1982 1550 2043 τινὰς
1584 1979 1802 2048 ἐπιμεῖ-

99 2084 194 2118 ναι
231 2068 298 2134 τῇ
337 2064 508 2137 νήσῳ.
585 2062 678 2118 καὶ
715 2063 934 2118 τούτων
974 2062 1118 2118 οὕτω
1159 2067 1511 2135 γενομένων,
1553 2063 1582 2119 ὁ
1621 2068 1801 2127 πλοῦς

97 2147 234 2219 ἡμῖν
261 2143 431 2211 αὖθις
457 2151 870 2218 παρηγγέλλετο
897 2149 1127 2219 πρώτην
1147 2148 1364 2220 ἡμέραν
1379 2145 1482 2220 ἕτῆς
1502 2152 1803 2220 σεληναίας

30 2275 34 2306 ,Ἴ
62 2236 65 2237 ’
100 2231 237 2301 μετὰ
263 2230 366 2303 τὴν
393 2231 536 2303 πρὸς
560 2232 722 2303 ἥλιον
750 2235 1001 2288 σύνοδον
1030 2217 1513 2313 ἑπιλαμπούσης.)
1539 2235 1633 2289 καὶ
1660 2233 1802 2288 ἀνα-

101 2317 332 2388 χθέντες
355 2316 462 2388 ἤδη
489 2318 748 2388 ζεφύρων
787 2321 1033 2390 ἐαρινῶν
1068 2317 1441 2389 ὑπηχούντων
1477 2319 1802 2391 ἐφερόμεθα
1889 2336 1891 2338 ·

67 2448 69 2450 v
101 2401 281 2458 νύκτα
308 2423 368 2458 τε
389 2401 532 2457 καὶ*
502 2405 737 2473 ημέραν,
768 2404 860 2458 ε’πὶ
878 2425 982 2474 την
1000 2404 1235 2473 Λιβύων
1260 2409 1369 2474 γῆν
1390 2410 1491 2459 τοῦ
1519 2405 1800 2474 κυβερνή-

69 2487 71 2490 ⁴
102 2507 205 2542 του
242 2489 348 2558 τὴν
386 2486 599 2542 ὁλκάδα
637 2492 1135 2558 χειραγωγοῦντος.
1203 2491 1418 2558 ἔφασκε
1443 2490 1551 2560 γάρ
1581 2490 1801 2558 ἐνδέχε-

69 2643 72 2647 .
104 2557 382 2642 waa‘lukv
422 2571 766 2672 εὐθυβόλως
757 2559 881 2627 καὶ
920 2531 1578 2644 διαμπὰξζπεραιωθῆναι
1615 2573 1678 2627 τὸ
1705 2572 1802 2627 πέ-

95 2659 276 2725 ,λαγος
291 2662 413 2746 Ἐοῦ
452 2657 768 2726 πνεύματος
795 2657 1215 2728 ἐπιτρέποντος,
1255 2661 1586 2728 ἐπείγεσθαι
1613 2658 1674 2712 δὲ
1704 2662 1803 2710 λα-

107 2740 311 2834 βέσθαι
347 2740 500 2806 τινὸς
537 2741 774 2812 ηπείρου
813 2745 906 2797 καὶ
945 2742 1148 2813 ὅρμου,
1191 2743 1519 2812 πειρατικὸν
1557 2740 1703 2798 εἶναι
1741 2761 1818 2817 [g

109 2826 171 2879 ἐκ
198 2827 457 2896 πρύμνης
475 2826 825 2905 ἀναφαῖνον
821 2821 1065 2895 ἀκάτιον
1063 2814 1479 2932 ὑφοριόμενοςΪ7
1507 2829 1562 2892 ἐξ
1584 2819 1654 2881 οὗ
1674 2825 1801 2894 γάρ,

107 2911 243 2979 ἔφη,
294 2914 392 2980 τῆς
427 2915 712 2982 Κρητικῆς
746 2912 965 2983 ἤραμεν
1003 2904 1207 2984 άκρας,
1261 2915 1452 2968 ε’πεται
1490 2909 1611 2966 κατ’
1654 2915 1805 2979 ἴχνος

192 3015 405 3050 ammon.
1398 3005 1464 3051 10
