1916 3132
114 87 183 139 56
771 94 865 140 AE
872 91 1151 140 YTEPON

113 245 250 281 ποτε
278 226 610 292 ἀπολείψειν
636 228 880 297 ἑκόντες,
926 229 1440 298 ἐπιμαρτυράμενοι
1465 228 1599 292 τούς
1623 231 1816 301 θεούς,

115 314 392 380 ἔπραττον
431 311 505 375 εὸς
546 314 811 381 ἐβούλετο
850 311 883 383 ἡ
926 313 1133 376 σκέψις.

223 396 251 449 6
275 398 380 465 μὲν
418 395 486 466 δὴ
516 400 768 466 Κνήμων
806 398 956 451 καὶὸ
990 400 1338 467 Θέρμουθις,
1377 397 1492 467 ἅμα
1528 397 1668 471 ἡλίῳ
1706 398 1814 470 τὴν

114 484 318 551 λίμνην
357 483 797 552 περαιωθέντες,
840 482 1089 551 ἐχώρουν
1126 481 1200 535 δι’
1231 482 1368 553 ὕλης
1404 483 1554 546 τινὸς
1580 488 1816 551 βαθείας

114 566 209 619 καὶ
246 565 308 619 τό
348 567 550 619 λάσιον
589 567 956 631 δυσδιέξοδον
993 569 1388 637 παρεχομένης.
1451 566 1639 639 ἡγεῖτο
1683 570 1744 624 δὲ
1783 570 1814 623 ὁ

117 652 465 721 Θέρμουθις,
494 654 658 704 τοῦτο
685 655 786 704 τοῦ
812 652 1125 721 Κνήμωνος
1151 651 1243 705 καὶ
1272 652 1524 716 εἰπόντος
1550 655 1642 707 καὶ
1667 657 1814 723 βου-

114 736 415 804 ληθέντος,
456 735 746 804 πρόφασιν
782 737 887 805 μὲν
923 734 1074 808 αὐτῷ
1100 736 1205 805 τήν
1234 738 1528 807 ἐμπειρίαν
1552 739 1647 807 τῆς
1673 742 1813 792 δυσ-

114 823 322 889 χωρίας
361 819 675 883 ἀναθέντος
716 821 809 874 καὶ
847 820 1216 892 ἡγεμονεύειν
1254 820 1356 890 τὴν
1405 821 1539 875 ὁδὸν
1591 824 1814 892 ἐπιτρέ-

113 914 343 972 ψαντος,
384 906 556 958 πλέον
597 905 658 958 δὲ
696 906 760 958 τὸ
798 905 1046 975 ἀσφαλὲς
1083 905 1235 977 αὐτῷ
1262 910 1693 975 περιποιοῦντος
1718 911 1813 961 καὶ

114 990 316 1058 καιρὸν
353 992 455 1044 τοῦ
491 992 794 1060 διαὸρᾶναι
833 995 1345 1060 προετοιμαζοντος.
1411 992 1532 1046 ἐπεὶ
1559 992 1620 1044 δὲ
1647 1005 1812 1062 προϊ-

115 1075 273 1138 όντες
314 1077 582 1144 ἐνέτυχον
620 1078 908 1144 ποίμναις,
951 1077 1007 1128 οἱ
1037 1077 1097 1129 δὲ
1124 1079 1462 1146 νομεύοντες
1488 1074 1815 1145 ἀπέδρασαν

112 1163 208 1213 καὶ
235 1162 375 1230 πρὸς
400 1158 463 1213 τὸ
492 1159 844 1228 πυκνότερον
864 1164 959 1230 τῆς
984 1160 1122 1229 ὕλης
1148 1163 1482 1228 κατέδυσαν,
1505 1161 1668 1230 κριόν
1687 1181 1815 1215 τινα

113 1248 228 1297 τῶν
276 1243 611 1314 ἡγουμένων
662 1245 1113 1315 καταθύσαντες,
1166 1248 1261 1300 ἐπί
1303 1266 1362 1300 τε
1412 1249 1514 1299 τοῦ
1560 1244 1738 1313 πυρὸς
1784 1241 1816 1299 ὃ

113 1335 529 1400 προητοίμαστο
551 1339 667 1393 τοῖς
688 1334 960 1399 νομεῦσιν
985 1330 1414 1401 ἀφαυήναντεςξ
1432 1331 1813 1399 ἐνεφοροῦντο

115 1417 230 1467 τῶν
269 1434 471 1482 κρεων,
514 1414 647 1468 οὐδε
662 1414 790 1517 τήν
828 1414 1167 1485 ἀποχρωσαν
1205 1415 1440 1484 ὄπτησιν
1466 1412 1810 1483 ἀναμείναν-

115 1584 279 1636 λύκοι
328 1586 474 1646 τινὲς
511 1584 547 1652 η’
587 1574 753 1650 θωες
773 1576 1123 1651 ἐλάφυσσον
1128 1559 1209 1638 τὰ
1248 1583 1334 1638 ἀεὶ
1372 1585 1680 1654 τετμημένα
1719 1585 1812 1638 καὶ

114 1666 253 1735 πρὸς
280 1666 472 1736 ὀλίγον
498 1672 574 1739 τῷ
602 1667 740 1734 πυρὶ
777 1671 1197 1739 μεμολυσμένα·
1237 1668 1303 1723 τὰ
1338 1670 1396 1721 δὲ
1428 1667 1666 1738 ἡμίοπτα
1692 1679 1813 1732 ταῖς

114 1761 370 1820 παρειαῖς
409 1752 470 1806 ἐν
507 1757 575 1822 τῇ
612 1753 821 1822 βρώσει
859 1758 961 1806 τοῦ
1000 1755 1230 1821 αἵματος
1267 1752 1584 1819 ἀπέσταξεν.
1650 1751 1724 1816 ὥς
1749 1755 1813 1807 δὲ

116 1836 569 1905 ἐνεφορήθησαν,
604 1840 879 1906 γάλακτος
907 1837 1198 1907 ἐμπιόντες
1226 1836 1362 1891 ὁδοῦ
1389 1842 1486 1907 τῆς
1512 1839 1810 1907 προκειμέ-

115 1941 215 1990 νης
243 1927 476 1989 εἴχοντο.
538 1922 631 1975 καὶ
656 1914 728 1991 ἦν
755 1923 858 1993 μὲν
886 1922 1004 1990 ω’ρα
1041 1924 1169 1992 περὶ
1206 1920 1489 1991 βουλυτὸν
1526 1918 1650 1990 ἤδη,
1692 1923 1814 1976 ἐπεὶ

115 2007 177 2059 δὲ
219 2006 399 2075 λόφον
436 2006 563 2061 τινά
602 2006 882 2061 ἀνιόντων
919 2005 1032 2060 ὑπὸ
1070 2011 1274 2061 τοῦτον
1314 2004 1456 2060 εἶναι
1488 2005 1590 2076 τὴν
1617 2005 1812 2076 κώμην

117 2094 356 2161 ἔφραζεν
396 2089 424 2144 6
455 2093 799 2162 Θέρμουθις,
841 2084 1016 2162 οὗπερ
1055 2092 1152 2146 τὸν
1182 2091 1404 2160 Θύαμιν
1438 2091 1814 2161 συνειλημμέ-

120 2196 224 2228 νον
261 2172 296 2244 ἤ
336 2177 667 2244 κατέχεσθαι
693 2173 730 2246 ἢ
757 2176 847 2230 καὶ
874 2176 1198 2248 ἀνῃρῆσθαι
1227 2179 1460 2245 εἴκαζεν,
1483 2164 1806 2250 ]διαφθορέ*

118 2280 209 2314 ναι
249 2261 307 2313 οἱ
341 2259 445 2328 τὴν
481 2264 723 2331 γαστέρα
763 2261 902 2330 πρὸς
939 2266 1035 2330 τῆς
1082 2259 1455 2330 ἀδδηφαγίας”“
1476 2257 1670 2332 ᾐτιᾶτο
1719 2257 1814 2313 καὶ

118 2345 733 2413 ῥυίσκεσθαιχαλεπῶς
760 2346 819 2400 ἐκ
845 2350 946 2400 τοῦ
971 2347 1264 2414 γάλακτος)
1272 2348 1461 2413 ἔλεγεν
1489 2343 1517 2397 ὁ
1543 2345 1811 2413 Κνήμων,

118 2431 478 2498 προφθάνειν
511 2450 569 2482 τε
606 2428 705 2482 τὸν
727 2433 1054 2499 Θέρμουθιν
1090 2431 1514 2496 παρεκελεύετο,
1550 2426 1716 2490 αὐτὸς
1750 2427 1813 2480 δὲ

121 2514 656 2582 ἐπικαταλήψεσθαι.
710 2519 875 2568 τοῦτο
903 2519 1084 2568 ποιῶν
1110 2513 1252 2578 ἅπαξ
1279 2514 1383 2581 μὲν
1407 2513 1500 2566 καὶ
1527 2505 1695 2574 αὖθις
1719 2509 1814 2565 κᾶὶ

121 2602 312 2668 τρίτον
337 2599 731 2667 ἐπαληθεύσας
752 2598 941 2667 ὤφθη,
970 2598 1541 2666 καὶκαταλαμβάνειν
1568 2599 1814 2665 χαλεπῶς

30 2685 102 2737 20
122 2686 335 2751 ἔλεγεν·
377 2681 451 2744 ὠς
477 2683 538 2735 δὲ
566 2685 642 2744 εἰς
670 2686 800 2746 ε’θος
826 2683 926 2736 τὸν
952 2683 1268 2751 Αιγύπτιον
1295 2682 1642 2750 ἐνεβίβασεν,
1681 2683 1882 2733 ἔλα-3ο

119 2773 189 2820 θε
215 2766 277 2820 τὸ
304 2770 631 2820 τελευταῖον
661 2767 1050 2852 ἐναπομείνας,
1078 2766 1170 2820 καὶ
1196 2763 1334 2831 πρὸς
1359 2785 1425 2818 τα
1452 2764 1811 2864 χαλεπωτερα

121 2855 222 2906 τοῦ
263 2852 471 2914 doio-ovs
510 2849 649 2904 κατὰ
688 2855 789 2904 τοῦ
816 2854 1068 2919 πρανοῦς
1094 2850 1314 2918 εαυτόν,
1355 2847 1429 2912 ὠς
1455 2846 1566 2918 εἶχε
1589 2868 1810 2918 ταχους,

1846 1013 1884 1046 10

1842 1436 1885 1470 15

1843 2276 1916 2308 25,
