1916 3132
115 91 184 143 92
826 93 941 140 TPI
946 91 1090 140 ΤΟΝ

119 231 458 299 ἱερωμένους
485 228 826 298 ε’νεκρίνετο,
863 226 975 282 ἀπὸ
1002 227 1103 281 τοῦ
1137 228 1338 297 κηλῖδα
1374 228 1571 298 φέρειν
1598 228 1691 283 ἐπὶ
1714 231 1816 282 τοῦ

118 314 372 383 σώματος
408 314 583 377 νόθος
622 311 766 367 εἶναι
803 314 1168 382 γνωρισθείς·
1218 310 1255 382 ἦ
1301 313 1394 366 καὶ
1431 316 1599 366 τοῦτο
1636 315 1809 383 σοφίᾳ

119 399 616 468 κατεργαζόμενος,
657 396 763 451 κάκ
799 400 900 450 τοῦ
937 392 1039 466 τὴν
1076 390 1257 450 οὖσαν
1293 393 1817 474 ἀποκρύπτειν,πᾶ-

122 479 248 538 σαν’
270 472 662 554 ἕαυτῷμπόλιν
690 482 933 548 πατρίδα
970 481 1275 550 μνώμενος.

35 569 101 621 15
228 571 402 622 ταῦτα
439 568 543 636 μὲν
575 561 640 620 εὑ
677 585 736 620 τε
771 566 865 619 καὶ
891 563 1118 634 ἀληθῶς
1142 586 1236 634 μοι
1271 567 1455 634 λέγειν
1481 566 1702 635 ἔδοξας,
1729 585 1820 621 τε-
1849 585 1869 617 5

119 652 476 723 κμαιρομένῳ
503 654 600 720 τῆς
625 670 684 704 τε
703 651 979 720 ποιήσεως
1003 654 1105 703 τοῦ
1127 648 1337 721 ἀνδρὸς
1354 648 1418 704 τὸ
1437 649 1733 719 ἀνειμένον
1760 670 1819 706 τε

120 738 216 790 καὶ
241 735 420 806 ἡδονῇ
460 735 615 806 πάσῃ
651 738 975 804 σύγκρατον
1012 733 1087 797 ὠς
1123 736 1457 803 Αἰγύπτιον,
1496 737 1591 789 καὶ
1625 733 1688 789 τὸ
1725 739 1821 806 τῆς

120 823 347 891 φύσεως
383 820 662 890 ὑπερέχον
701 818 774 883 ὥς
810 819 916 873 ούκ
955 819 1028 872 ἀν
1057 819 1205 873 οὕτω
1232 815 1364 882 τοὺς
1401 817 1618 883 πάντας
1641 816 1814 888 ὑπερ-

119 910 494 975 βαλλόμενον,
537 907 588 959 εἰ
621 904 698 974 μή
737 924 887 967 τινος
923 907 1086 967 θείας
1122 904 1215 957 καὶ
1255 905 1547 1005 δαιμονίας
1572 915 1648 968 ως
1681 902 1821 974 ἀλη-

120 994 239 1054 θως
276 991 503 1060 μετέσχε
540 992 872 1059 καταβολῆς.
939 983 1063 1042 ἀλλ’
1098 987 1220 1043 ἐπεὶ
1258 988 1391 1052 τούς
1424 986 1597 1051 θεοὺς
1621 987 1821 1058 ὁμηρι-
1851 1006 1892 1040 10

121 1095 233 1138 κως
271 1072 597 1144 ἐφώρασας,
639 1074 681 1126 ὦ
720 1073 1034 1143 Καλάσιρι,
1073 1076 1202 1127 τίνα
1236 1070 1304 1126 τὰ
1340 1071 1477 1141 μετά
1503 1076 1678 1126 ταῦτα
1705 1074 1826 1127 εἰπέ

121 1179 230 1229 μοι.
287 1169 403 1224 τοῖς
428 1159 722 1228 προτέροις
746 1178 789 1210 ω
819 1159 1068 1227 Κνήμων
1095 1157 1279 1226 ὅμοια,
1317 1158 1489 1211 πάλιν
1514 1155 1823 1228 ἀγρυπνίαι

122 1243 217 1298 καὶ
241 1245 601 1313 βουλεύματα
628 1243 721 1295 καὶ
757 1246 983 1296 νυκτῶν
1010 1245 1171 1312 φίλαι
1197 1243 1513 1311 φροντίδες.
1577 1244 1820 1311 ἔχαιρον,

124 1328 425 1398 εὑρηκέναι
461 1347 515 1381 τι
552 1333 669 1381 τῶν
708 1326 778 1381 οὐ
815 1328 1303 1397 προσδοκωμένων
1342 1326 1576 1392 ἐλπίζων
1615 1326 1709 1379 καὶ
1746 1326 1820 1387 εἰς

122 1414 227 1483 τὴν
254 1415 604 1482 ένεγκοῦσαν
633 1413 934 1481 ἐπανήξειν
960 1412 1322 1481 προσδοκῶν·
1351 1409 1606 1481 ἠνιώμην
1626 1410 1707 1479 δέ,
1735 1408 1818 1464 ὅτι
1852 1428 1893 1461 15

126 1497 155 1551 6
182 1492 468 1568 Χαρικλῆς
494 1496 822 1566 στερήσεται
848 1502 945 1567 τῆς
968 1496 1255 1566 θυγατρὸς
1282 1497 1514 1549 ἐννοῶν.
1563 1495 1820 1565 ἠπόρουν

124 1582 232 1654 ’ὅτῳ
281 1582 468 1650 δεήσει
516 1584 706 1653 τρόπῳ
754 1580 887 1645 τοὺς
931 1583 1096 1643 νέους
1134 1589 1480 1681 συναγαγεῖν
1517 1578 1612 1632 καὶ
1648 1599 1821 1633 κατα-

125 1667 398 1720 σκευάσαι
436 1665 540 1736 τήν
579 1665 776 1730 ἔξοδον
814 1674 1181 1766 συμφρονεῖν.
1243 1663 1343 1718 τὸν
1382 1652 1822 1765 δρασμόΜήγω-

126 1753 266 1805 νίων
292 1749 442 1812 ὅπως
479 1752 583 1818 μὲν
620 1751 885 1820 λήσομεν,
926 1748 1058 1803 όποι
1083 1750 1145 1802 δὲ
1182 1748 1500 1818 τραπῶμεν,
1538 1749 1632 1802 καὶ
1657 1749 1821 1802 πότε-

127 1855 231 1903 ρον
257 1834 351 1889 διὰ
377 1839 480 1903 γῆς
504 1831 541 1904 ἠ
566 1833 1025 1896 θαλαττεύοντες.
1066 1833 1160 1886 καὶ
1186 1833 1378 1895 ἁπλῶς
1403 1832 1632 1886 κλύδων
1650 1833 1723 1902 με’
1741 1852 1824 1896 τις
1853 1849 1895 1883 20

129 1916 241 2020 εἶχε
280 1920 737 1989 φροντισμάτων,
779 1917 996 1981 άυπνός
1031 1937 1092 1971 τε
1128 1915 1192 1971 τὸ
1230 1916 1564 1986 λειπόμενον
1601 1919 1824 1971 ἐταλαι-

126 2003 361 2073 πώρουν
398 2007 495 2072 τῆς
529 2006 752 2067 νυκτός.

46 2094 112 2144 16
237 2087 397 2142 οὔπω
435 2089 497 2141 δὲ
536 2088 744 2158 ἡμέρας
779 2086 1025 2156 ἀκριβῶς
1064 2085 1491 2157 ὑποφαινούσης
1527 2085 1731 2153 ἐψόφει
1765 2105 1826 2139 τε

127 2172 161 2243 ἡ
209 2166 525 2243 μέταυλοςζ*
569 2176 669 2225 καί
709 2193 860 2236 τινος
915 2171 1178 2243 ᾐσθόμην
1225 2175 1532 2234 καλοῦντος
1578 2170 1824 2224 παιδίον.

130 2258 403 2327 ἐρομένου
440 2258 501 2310 δὲ
538 2261 640 2310 τοῦ
676 2254 960 2327 ὑπηρέτου
996 2262 1079 2320 τίς
1114 2255 1143 2310 6
1179 2256 1404 2310 κόπτων
1443 2255 1547 2325 τὴν
1570 2253 1764 2322 θύραν
1786 2250 1825 2323 ἢ
1852 2271 1894 2304 25

130 2339 270 2395 κατὰ
296 2344 468 2394 ποίαν
493 2339 598 2409 τὴν
622 2345 834 2409 χρείαν,
871 2340 1215 2410 ἀπάγγελλε,
1254 2336 1409 2394 εἶπεν
1436 2337 1466 2392 6
1492 2342 1703 2407 καλῶν,
1740 2337 1826 2391 ὅτι

133 2427 416 2494 Θεαγένης
453 2421 483 2479 6
524 2426 813 2488 Θετταλός.
886 2425 1076 2495 ἥσθην
1122 2423 1550 2492 ἀπαγγελθέντα
1594 2442 1688 2491 μοι
1723 2422 1825 2477 τὸν

131 2512 383 2576 νεανίαν,
413 2510 507 2562 καὶ
535 2511 816 2563 εἰσκαλεῖν
855 2508 1140 2578 ἐκέλευον,
1180 2508 1469 2562 ἐνδιδόναι
1503 2528 1597 2578 μοι
1621 2504 1824 2562 ταύτό-

130 2613 308 2662 ματον
346 2593 524 2662 ἀρχὴν
561 2597 675 2646 τῶν
715 2595 779 2648 ἐν
818 2596 974 2663 χερσὶ
1011 2597 1239 2663 βουλων
1275 2589 1640 2672 ἡγησάμενος.
1700 2592 1826 2646 ἐτε-

131 2679 449 2749 κμαιρόμην
466 2676 575 2746 γάρ
595 2677 680 2732 ὅτι
705 2699 772 2747 με
802 2697 952 2748 παρα
969 2677 1030 2731 τὸ
1061 2675 1378 2746 συμπόσιον
1397 2666 1712 2745 Ἀίγύπτιον
1730 2673 1824 2729 καὶ
1852 2691 1895 2725 ao

111 2756 432 2833 ’έπροφήτηύ
457 2760 712 2830 ἀκηκοως
735 2762 860 2830 ἥκει
899 2761 1183 2831 συνεργὸν
1218 2760 1358 2828 πρὸς
1392 2759 1493 2813 τὸν
1518 2763 1697 2829 ἔρωτα
1723 2761 1823 2859 λη·-

131 2848 405 2916 ψόμενος,
434 2847 682 2914 πάσχων,
711 2844 995 2916 οἶμαι,τό
1021 2851 1137 2900 τῶν
1163 2848 1391 2898 πολλων
1416 2845 1616 2912 πάθος,
1643 2845 1704 2897 οἳ
1722 2840 1826 2911 τήν
