1916 3132
184 57 255 106 44
841 59 1220 106 ΔΕΥΤΕΡΟΝ

183 192 638 264 ὑδρευσάμενος,
677 193 739 247 τὸ
778 195 1082 264 πρόσωπόν
1117 214 1177 247 τε
1216 194 1407 248 αὐτῶν
1446 196 1748 263 ἐπέρρανε,
1787 195 1880 247 καὶ

184 278 342 348 θαμὰ
379 282 493 332 τῶν
533 279 708 347 ῥινῶν
749 281 1117 347 ἐπαφώμενος
1156 278 1246 331 ἐπὶ
1291 278 1353 331 τὸ
1392 288 1631 349 φρονεῖν
1671 279 1884 348 ἐπανή-

187 382 379 432 γαγεν.

125 453 154 505 7
295 449 352 499 οἳ
374 447 435 499 δὲ
463 446 660 515 ἑτέρως
686 448 789 516 μὲν
815 445 1076 516 ἀλλήλοις
1114 447 1468 516 ἐντυχόντες,
1506 445 1796 529 κειμένους
1821 447 1883 500 δὲ

187 529 422 601 ἑαυτούς
460 533 894 600 καταλαβόντες,
937 531 1306 599 ὀρθωθέντες
1329 526 1550 599 ἀθρόον
1585 531 1695 600 ῄρυ
1699 534 1916 598 θρίων

186 616 285 669 τὸν
307 618 628 684 Κνήμωνα,
656 617 762 692 ,καὶ
801 618 972 669 πλέον
1009 614 1042 685 ἡ
1079 604 1675 709 Χαρίκλεια,)θεωρόν
1703 616 1883 668 τωνδε

187 701 586 770 γεγενημένον,
636 693 725 752 και
777 700 967 768 νέμειν
1008 700 1348 769 συγγνωμην
1397 701 1664 753 ἱκέτευον.
1743 698 1775 753 6
1820 701 1882 752 δὲ

189 784 593 853 ἐπιμειδιάσας,
634 785 726 836 καὶ
765 783 905 853 πρὸς
941 783 1015 847 τὸ
1040 783 1418 853 φαιδρότερον
1454 782 1662 846 αὐτούς
1687 782 1880 851 ἀνιείς,

186 873 362 921 ταῦτα
387 871 511 937 μέν,
553 872 680 937 ἔφη,
721 870 814 921 καὶ
853 869 1104 922 ἐπαίνων
1131 868 1258 932 ἄξια
1285 867 1411 922 κατ’
1443 869 1538 935 ἐμὲ
1565 868 1763 937 κριτὴν
1789 868 1883 920 καὶ

187 953 362 1006 ἄλλον
403 951 553 1015 ὅστις
590 956 755 1021 ἔρωτι
791 956 1215 1020 προσπαλαίσας
1240 952 1453 1022 ἡττήθη
1481 972 1539 1005 τε
1565 952 1669 1020 τήν
1695 955 1878 1022 μάχην
1909 982 1916 1012 1

184 1036 361 1107 ἡδέως
397 1037 490 1089 καὶ
534 1035 600 1089 τά
632 1040 857 1091 ἐκείνου
886 1037 1194 1105 σωφρόνως
1219 1038 1510 1090 πέπτωκεν
1537 1035 1884 1104 ἀπαραίτητοι

185 1123 466 1190 πτώματα.
518 1119 642 1174 ἀλλ’
673 1122 860 1174 ἐκεῖνα
895 1114 940 1173 03
968 1124 1240 1188 Θεάγενες
1275 1120 1403 1174 οὔτε
1432 1122 1685 1174 ἐπαινεῖν
1713 1116 1882 1190 εἶχον,

187 1205 664 1276 ὑπερῃσχυνόμην
690 1226 748 1258 τε
777 1203 924 1274 ὁρῶν
951 1203 1024 1267 ὠς
1050 1203 1305 1274 ἀληθῶς,
1345 1204 1436 1258 ὅτε
1461 1204 1563 1275 τήν
1590 1207 1753 1273 ξένην
1790 1205 1884 1257 καὶ

187 1291 591 1360 προσήκουσαν
631 1288 956 1358 οὐδαμόθεν
993 1298 1235 1357 γυναῖκα
1275 1288 1596 1359 περιπεσών
1623 1288 1884 1356 ἐθρήνεις

189 1374 458 1444 ἀγεννῶς,
487 1374 580 1426 καὶ
606 1378 1085 1443 ταῦτάπεριεῖναι
1112 1375 1204 1426 καὶ
1231 1378 1327 1443 ζῆν
1357 1390 1445 1427 σοι
1471 1372 1576 1442 τήν
1603 1365 1916 1443 φιλτάτηῗῑ

191 1461 329 1528 ἐμοῦ
379 1459 819 1525 διατεινομένου.
892 1456 986 1510 καὶ
1029 1456 1056 1510 6
1099 1460 1377 1527 Θεαγένης
1414 1461 1558 1511 παῦε
1595 1461 1789 1527 φησίν,
1836 1448 1881 1511 ὦ

192 1547 462 1612 Κνήμων,
491 1543 814 1610 διαβάλλων
841 1562 910 1609 με
937 1542 1075 1611 πρὸς
1102 1545 1464 1610 Χαρίκλειαν,
1490 1541 1564 1610 ἡν
1593 1540 1881 1610 ἐθρήνουν

190 1627 251 1681 ἐν
289 1625 566 1696 ἀλλοτρίω
607 1628 836 1694 στόματι,
876 1627 1087 1694 ταύτην
1125 1623 1268 1679 εἶναι
1294 1625 1394 1694 τὴν
1422 1646 1683 1695 κειμένην
1708 1623 1880 1695 ἡγού-

188 1730 368 1781 μενος.
447 1710 568 1763 ἐπει
607 1711 667 1763 δὲ
707 1708 925 1808 ἀπάτην
965 1711 1153 1762 ἐκεῖνα
1189 1713 1344 1761 θεων
1382 1730 1463 1770 τις
1503 1710 1565 1761 εὐ
1600 1729 1664 1777 γε
1702 1713 1882 1763 ποιῶν

189 1796 414 1858 ἔδειξεν,
453 1791 570 1862 ω’ρα
608 1809 695 1846 σοι
723 1793 933 1846 σαυτὸν
960 1792 1281 1860 ὑπομνῆσαι
1306 1796 1402 1860 τῆς
1429 1792 1571 1860 άγαν
1597 1791 1878 1893 ἀνδρείας,
1909 1824 1916 1852 2

188 1877 292 1946 ὑφ’
333 1879 399 1948 ἧς
437 1877 699 1946 ἐθρήνεις
738 1878 842 1944 μὲν
886 1878 1022 1945 ἐμοῦ
1060 1873 1124 1929 τά
1175 1876 1278 1946 ἐμὰ
1329 1878 1626 1944 πρότερος,
1674 1876 1776 1945 τὴν
1821 1878 1883 1931 δὲ

190 1962 619 2033 ἀπροσδόκητον
657 1967 754 2029 τῆς
793 1964 1048 2029 κειμένης
1076 1963 1383 2027 ἐπίγνωσιν
1409 1960 1599 2030 ὥσπερ
1629 1961 1719 2014 ἐπι
1746 1976 1883 2030 σκη-

190 2052 292 2115 νῆς
331 2048 601 2115 δαίμονας
638 2045 1061 2113 ἀπεδίδρασκες,
1103 2047 1337 2106 ἔνοπλος
1377 2045 1470 2098 καὶ
1508 2045 1742 2114 ξιφήρης
1777 2043 1883 2114 τὴν

188 2140 459 2200 γυναῖκα,
513 2127 724 2193 νεκράν
775 2130 867 2181 καὶ
904 2130 1131 2198 ταύτην,
1173 2128 1520 2198 ὑποφεύγων
1559 2127 1587 2182 ὁ
1623 2136 1882 2197 γενναῖος

192 2215 286 2268 καὶ
319 2213 561 2276 Ἀττικός
599 2214 915 2281 πεζομάχος.

131 2302 164 2355 8
301 2298 572 2366 ἐγέλασαν
621 2297 762 2365 πρὸς
809 2302 985 2350 ταῦτα
1030 2300 1215 2366 βραχύ
1262 2317 1315 2350 τι
1361 2297 1453 2350 καὶ
1490 2297 1881 2366 βεβιασμένον,

194 2381 327 2436 οὐδὲ
352 2386 519 2435 τοῦτο
547 2380 888 2450 ἀδάκρυτον,
930 2380 1054 2434 ἀλλ’
1086 2401 1159 2443 ως
1184 2379 1254 2434 ἂν
1283 2381 1345 2433 ἐν
1370 2381 1615 2450 τοσαύτῃ
1641 2385 1709 2449 τῇ
1737 2395 1883 2448 συμ-

193 2470 363 2536 φορᾷ,
403 2467 574 2518 πλέον
612 2486 686 2518 τω
724 2466 923 2536 θρήνῳ
963 2466 1388 2534 κεκερασμένον.
1463 2463 1667 2533 μικρὸν
1704 2464 1810 2516 οὐν
1845 2462 1879 2532 ἡ

192 2554 499 2618 Χαρίκλεια
547 2521 916 2617 διαλιποῦσα,
968 2549 1060 2601 καὶ
1107 2548 1210 2618 τήν
1256 2545 1496 2617 παρειὰν
1533 2546 1642 2600 υπὸ
1681 2548 1741 2601 τὸ
1781 2548 1883 2610 οῦς

196 2620 530 2702 έπικνῶσα]
559 2637 839 2702 μακαρίζω
889 2634 993 2701 μὲν
1042 2636 1148 2702 ἔφη
1196 2628 1298 2700 τήν
1328 2637 1734 2700 ’θρηνηθεῖσαν
1770 2628 1916 2691 ὐπὸ;

197 2720 538 2788 Θεαγένους,
578 2713 613 2786 ἦ
647 2718 739 2769 καὶ
767 2721 1127 2786 φιληθεῖσαν,
1167 2715 1239 2779 ὥς
1265 2716 1690 2785 φησὶ-Κνήμων,
1728 2715 1764 2785 ἥ
1798 2719 1882 2778 τίς

194 2823 328 2858 ποτε
355 2804 448 2856 καὶ
476 2801 643 2854 ἐστίν.
687 2800 888 2854 ἀλλ”εί
910 2802 983 2870 μή
1007 2821 1059 2853 τι
1084 2821 1151 2870 με
1176 2800 1528 2869 δακνομένην
1556 2802 1719 2865 ἔρωτι
1739 2797 1878 2853 ὑπο-
