1916 3132
483 6 511 23 οἳ
532 6 693 37 ψ]ν1γνι’”ἱ’“
723 2 769 12 ‘⁸'
862 0 868 11 '
895 0 1233 47 l'lt‘ttbtrve‘t²’'‘ff¹2'
1879 0 1906 46 ἲ

170 82 277 133 140
875 81 1040 126 LIBRI
1073 82 1138 126 VI

166 203 337 255 iretur
383 203 486 255 uia.
550 202 642 254 sed
681 219 780 271 ego
827 220 1025 272 gnarus
1046 245 1050 248 .
1070 202 1303 256 latrones
1354 204 1476 258 illac
1515 204 1582 257 ad
1618 204 1852 274 reliquas

172 295 495 329 commeasse
549 276 770 345 praedas
779 319 793 346 ‚
846 277 1114 329 renitebar
1173 278 1401 330 firmiter
1453 281 1612 348 atque
1666 279 1742 332 sic
1795 280 1853 332 in

169 351 347 403 animo
402 369 520 403 meo
575 351 771 402 tacitus
825 351 1228 419 expostulabam
1280 352 1430 421 equid
1481 353 1613 405 facis
1665 353 1854 406 infelix

166 424 380 494 puella?
422 424 551 493 quid
591 425 741 493 agis?
782 443 876 476 cur
912 425 1134 477 festinas
1175 426 1240 478 ad
1279 424 1511 479 Orcum?
1552 427 1680 496 quid
1717 427 1851 479 meis

166 499 392 568 pedibus
431 499 611 568 (uim)
649 498 821 551 facere
861 500 1173 552 contendis?
1220 519 1327 552 non
1368 501 1509 553 enim
1548 504 1601 553 te
1639 504 1851 554 tantum
1894 523 1916 559 ο

166 591 354 625 uerum
394 574 556 625 etiam
594 591 679 624 me
718 573 987 641 perditum
1026 573 1164 626 ibis?
1234 575 1310 627 sic
1348 593 1446 627 nos
1493 575 1704 628 diuersa
1739 578 1851 628 ten-

170 647 354 699 dentes
394 651 447 699 et
485 648 541 699 in
574 666 731 699 causa
762 647 911 699 finali
944 648 1007 699 de
1038 649 1362 716 proprietate
1396 648 1498 701 soli
1529 650 1692 701 immo
1732 649 1852 702 uiae

166 721 545 774 herciscundae
600 721 976 774 contendentes
998 709 1003 802 1
1029 723 1231 790 rapinis
1286 723 1396 775 suis
1449 724 1628 776 onusti
1674 741 1852 775 coram

168 795 570 864 deprehendunt
607 796 711 864 ipsi
742 795 975 848 latrones
1009 799 1062 848 et
1094 796 1159 848 ad
1190 796 1347 849 lunae
1379 797 1713 865 splendorem
1745 797 1852 849 iam

166 870 289 922 inde
327 869 543 939 longius
585 870 828 939 cognitos
860 871 972 921 risu
1004 870 1240 940 maligno
1282 871 1530 923 salutant.
1591 870 1757 923 XXX.
1799 874 1853 923 et
1875 893 1916 926 ιο

166 962 305 996 unus
346 963 373 996 e
412 962 632 996 numero
673 944 749 996 sic
789 943 1022 1012 appellat
1061 944 1338 1013 ‘quorsum
1377 945 1537 1006 istam
1575 945 1852 997 festinanti

167 1017 398 1087 uestigio
437 1006 917 1081 lucubratissuiam
948 1036 1046 1070 nec
1077 1019 1250 1071 noctis
1289 1004 1638 1087 intempestae
1668 1017 1853 1071 Manes

166 1091 474 1161 Laruasque
520 1077 861 1144 formidatis?
918 1110 985 1144 an
1031 1095 1112 1162 tu,
1151 1092 1474 1160 probissima
1518 1092 1717 1162 puella,
1765 1111 1853 1161 pa-

166 1169 344 1218 rentes
385 1170 508 1218 tuos
542 1167 732 1233 furtim
770 1166 1085 1218 interuisere
1124 1167 1482 1235 properabas?
1533 1167 1626 1219 sed
1662 1185 1761 1219 nos
1799 1169 1854 1218 et

163 1240 447 1292 ,solitudini
494 1243 616 1293 tuae
655 1240 980 1308 praesidium
1023 1241 1412 1308 praestabimus
1452 1245 1505 1293 et
1542 1241 1852 1308 compendio·
1876 1261 1916 1295 15

165 1304 315 1367 sumL
330 1315 396 1366 ad
446 1316 739 1367 domesticos
786 1315 888 1366 iter
933 1315 1371 1367 monstrabimus’
1411 1319 1464 1367 et
1508 1333 1646 1367 unus
1691 1332 1853 1366 manu

166 1390 357 1441 iniecta
403 1388 631 1457 (uerba)
670 1391 882 1441 secutus
937 1388 1198 1456 prehenso
1253 1389 1368 1442 loro
1423 1392 1715 1441 retrorsum
1767 1406 1853 1440 me

168 1463 587 1531 circumtorquet
632 1481 728 1515 nec
775 1462 951 1514 baculi
998 1462 1186 1531 nodosi
1233 1464 1376 1532 quod
1423 1463 1640 1532 gerebat
1686 1462 1852 1514 suetis

167 1536 365 1588 ictibus
397 1539 671 1605 temperat.
725 1540 853 1589 tunc
884 1533 1209 1605 ingratis⁴ad
1238 1541 1547 1606 promptum
1578 1554 1853 1589 recurrens

167 1610 393 1662 exitium
433 1611 745 1662 reminiscor
785 1610 983 1662 doloris
1030 1610 1261 1680 ungulae
1302 1615 1355 1664 et
1394 1611 1595 1679 occipio
1642 1609 1855 1662 nutanti
1877 1630 1916 1662 2⁰

169 1684 342 1752 capite
397 1684 703 1736 claudicare.
782 1684 875 1736 sed
922 1684 1080 1736 ‘ecce'
1126 1685 1302 1754 inquit
1355 1685 1445 1737 ille
1493 1685 1586 1754 qui
1638 1702 1722 1736 me
1775 1702 1851 1736 re-

113 1754 121 1763 ’
167 1761 405 1809 traxerat
445 1758 676 1810 ‘rursum
707 1758 908 1809 titubas
953 1761 1006 1809 et
1037 1759 1286 1811 uaccillas
1335 1763 1388 1811 et
1425 1762 1609 1827 putres
1649 1757 1741 1810 isti
1771 1757 1853 1809 tui

166 1831 327 1900 pedes
388 1832 572 1901 fugere
626 1834 874 1899 possunt,
929 1831 1199 1884 ambulare
1250 1833 1514 1885 nesciunt!
1585 1836 1638 1884 at
1691 1830 1850 1900 paulo

168 1908 303 1958 ante·
330 1906 605 1973 pinnatam
644 1905 837 1974 Pegasi
875 1905 1126 1957 uincebas
1167 1906 1526 1958 celeritatem.⁹

279 1979 423 2031 Dum
464 1980 540 2031 sic
578 1975 1020 2042 mecumc'fustem
1061 1975 1327 2047 quatiens?
1346 1980 1608 2048 benignus
1647 1978 1853 2030 iocatur
1875 1997 1916 2030 25

171 2071 363 2122 comeS‚
397 2054 468 2122 [p.
491 2053 594 2105 116
611 2053 839 2121 E.]-iam
872 2053 1060 2104 domus
1094 2071 1276 2104 eorum
1309 2057 1600 2105 extremam
1631 2047 1891 2104 lorTcam⁴s

167 2145 594 2195 perueneramus
659 2130 712 2179 et
751 2145 869 2179 ecce
909 2127 972 2178 de
1012 2126 1239 2195 quodam
1286 2145 1433 2178 ramo
1479 2139 1727 2195 procerae
1767 2143 1851 2177 cu-

285 2290 311 2330 5
353 2286 522 2346 (uim)
554 2287 712 2331 Rohde
847 2290 873 2330 8
912 2285 1206 2330 hirciscunde
1239 2302 1274 2342 q>
1308 2287 1473 2343 (suppl.
1506 2301 1562 2330 m.
1595 2301 1633 2330 r.
1666 2287 1718 2329 i‘n
1748 2286 1852 2339 lac.)
1905 2292 1912 2301 '

166 2345 225 2400 cf.
261 2350 358 2389 171.
379 2351 435 2389 20
544 2351 598 2389 13
631 2360 692 2389 an
723 2347 797 2402 φδ
827 2346 903 2390 ΒΖ.
945 2347 995 2389 at
1026 2345 1061 2388 F
1093 2347 1184 2401 (sed
1213 2347 1497 2401 rescriptum)
1605 2349 1659 2387 14
1689 2342 1852 2387 furtim

167 2403 444 2449 inter-uisere
480 2404 594 2449 Oud.
649 2404 812 2448 furtim
849 2404 999 2448 uisere
1033 2421 1067 2460 φ
1121 2403 1397 2448 interuisere
1440 2404 1515 2448 F&
1531 2404 1582 2448 E.
1622 2404 1678 2458 ef.
1714 2406 1852 2457 16.4;

171 2468 359 2507 10217.
414 2465 477 2507 In
506 2463 542 2507 F
581 2465 688 2508 haec
719 2465 874 2508 omnia
904 2478 987 2508 rec.
1020 2478 1075 2508 m.
1109 2465 1328 2519 rescripta
1336 2481 1353 2518 ‚·
1384 2465 1435 2507 in
1475 2481 1509 2520 φ
1548 2464 1703 2507 omnia
1733 2462 1853 2505 inter

166 2522 418 2578 laruasque
451 2525 542 2579 (13)
575 2528 616 2567 et
645 2522 823 2578 phenso
855 2523 948 2580 (17)
987 2537 1044 2566 m.
1068 2537 1106 2567 r.
1138 2523 1287 2578 suppl.
1321 2524 1372 2566 in
1404 2523 1487 2566 lac.
1623 2526 1678 2564 15
1717 2532 1852 2577 prae-

166 2581 331 2626 bemus
371 2599 406 2638 φ
459 2580 810 2638 perhibebimus
843 2584 871 2626 ὃ
907 2582 1020 2626 Oud.
1174 2586 1316 2625 15.16
1364 2579 1744 2637 compendiosum
1789 2578 1851 2622 ad

169 2640 449 2685 domesticos
472 2641 636 2696 scripsi
658 2655 758 2685 cum
783 2658 817 2697 φ
844 2642 938 2697 (sed
956 2642 1022 2685 ibi
1050 2640 1209 2683 domos
1230 2654 1317 2695 pro
1351 2639 1630 2684 domesticos
1660 2639 1717 2692 cf.
1735 2637 1848 2681 Luc.

167 2700 250 2744 As.
285 2701 389 2757 592)
423 2699 484 2743 ad
513 2701 731 2756 parentes
764 2701 869 2743 tuos
901 2699 1004 2743 FE.
1049 2701 1098 2742 et
1128 2698 1508 2754 compendiosum
1539 2698 1600 2741 ad
1629 2697 1849 2753 parentes

168 2761 275 2803 tuos
308 2761 337 2802 ὃ
458 2762 601 2802 16.17
635 2772 776 2801 manu
806 2757 981 2802 iniecta
1012 2775 1047 2813 φ
1092 2771 1234 2800 manu
1266 2758 1301 2800 F
1342 2757 1558 2816 <uerba>
1589 2756 1762 2800 inserui
1791 2755 1851 2809 cf.

172 2821 241 2861 17.
261 2822 306 2872 ὃς
335 2822 404 2862 25.
423 2822 471 2874 33
497 2821 567 2861 48.
587 2822 654 2861 21.
690 2817 803 2873 Koa.
823 2818 925 2862 Stil.
944 2820 1041 2861 318.
1068 2821 1092 2869 ξ
1118 2820 1143 2859 5
1219 2821 1271 2860 17
1297 2816 1492 2860 uerbum
1513 2829 1654 2858 manu
1676 2813 1853 2857 iniecta.

170 2878 358 2920 secutus
391 2878 420 2920 ὃ
511 2880 564 2919 18
598 2876 722 2931 quod
754 2875 835 2931 sz
869 2889 1007 2930 quem
1037 2877 1066 2919 ὃ
1157 2880 1211 2918 22
1246 2875 1468 2918 baccillas
1501 2874 1605 2930 Fcp¹
1635 2874 1690 2928 ef.
1710 2875 1848 2917 93.17
