1916 3132
799 141 927 187 CAP.
958 141 1170 186 x-xm
1230 123 1233 126 ’
1724 139 1825 192 151

140 283 298 318 1110110
358 264 517 335 paulo
571 265 678 317 iam
732 262 928 317 clarius
983 266 1290 332 contempta
1349 279 1468 315 mea
1527 262 1830 330 praesentia

102 335 105 338 ’
143 340 296 409 quasi
348 358 472 393 uere
526 338 726 392 mortui
780 337 940 390 ‘bono
996 338 1173 390 animo
1229 337 1306 389 es'
1359 336 1538 406 inquit
1591 333 1829 406 ‘Charite
1873 358 1916 427 s

143 414 462 467 dulcissima.
502 432 626 466 nam
658 416 801 493 totos
834 412 966 464 istos
997 411 1180 464 hostes
1212 415 1335 464 tuos
1367 411 1552 463 statim
1584 410 1864 479 captiuosv

140 488 383 541 habebis’
422 491 476 540 et
522 484 782 540 instantia
824 486 1082 538 ualidiore
1130 486 1316 538 uinum
1366 485 1473 537 iam
1524 485 1829 573 inmixtum,

99 588 122 621 5
145 562 234 615 sed
271 562 481 615 modico
521 561 844 631 tepefactum
884 579 1096 630 uapore,
1136 550 1480 630 sauciisLillis
1519 562 1573 612 et
1611 559 1830 629 crapula

111 629 539 705 -uinolentidque
593 635 844 697 madidis„
868 635 981 704 ipse
1029 635 1343 687 abstemius*
1376 653 1483 686 non
1535 637 1707 688 cessat
1752 634 1828 686 in-

142 710 372 780 pingere.
427 714 480 763 et
516 710 758 763 hercules
798 709 1156 778 suspicionem
1194 708 1330 761 mihi
1367 708 1516 777 fecit,
1557 708 1710 778 quasi
1750 726 1830 761 so-

141 785 432 853 poriferum
458 784 724 854 quoddam
756 802 1021 836 uenenum
1047 782 1316 836 cantharis
1348 783 1674 835 immisceret
1706 782 1829 835 illis.

143 860 319 912 cuncti
366 860 592 928 denique
639 859 732 912 sed
777 876 997 927 prorsus
1044 875 1228 910 omnes
1274 858 1402 910 uino
1454 857 1652 926 sepulti
1699 857 1830 910 iace-

74 958 120 991 10
144 932 294 1003 bant,
332 935 481 991 omni
526 934 705 1002 parati
749 933 926 985 morti.
996 936 1124 985 tunc
1169 931 1319 984 nullo
1372 932 1589 1001 negotio
1630 932 1831 984 artissi-

142 1007 244 1060 mis
290 1007 520 1060 uinculis
545 1074 547 1076 ,
571 1007 841 1076 impeditis
880 1025 942 1060 ac
979 1025 1076 1076 pro
1118 1007 1340 1059 arbitrio
1388 1024 1484 1058 suo
1525 1006 1832 1059 constrictis

141 1081 272 1151 illis,
318 1082 572 1152 imposita
618 1082 775 1135 dorso
823 1100 941 1134 meo
989 1080 1189 1151 puella,
1238 1081 1424 1151 dirigit
1470 1097 1713 1150 gressum
1765 1080 1833 1132 ad

142 1174 293 1222 suam
332 1156 575 1225 patriam.

251 1228 398 1283 XIII.
455 1229 626 1293 Quam
666 1229 828 1282 simul
868 1230 1209 1298 accessimus,
1250 1231 1364 1281 tota
1402 1229 1594 1281 ciuitas
1635 1228 1702 1280 ad
1741 1246 1831 1280 uo-

74 1327 117 1362 15
141 1304 315 1357 tiuum
347 1308 691 1373 conspectum
724 1302 1028 1356 effunditur.
1080 1306 1403 1372 procurrunt
1433 1306 1680 1372 parentes
1720 1302 1854 1391 affl-3

14 1378 19 1383 ’
75 1387 80 1395 “
139 1397 233 1432 1108
258 1378 477 1432 clientes
510 1378 713 1431 alumni
743 1378 933 1431 famuli
963 1378 1092 1430 laeti
1122 1378 1329 1447 faciem,
1361 1378 1556 1447 gaudio
1590 1376 1832 1430 delibuti.

138 1471 391 1522 pompam
424 1471 663 1506 cerneres
697 1453 872 1506 omnis
905 1461 1063 1505 sexus
1097 1455 1150 1505 et
1178 1452 1576 1542 omnislaetatis
1607 1469 1831 1504 nouum-

140 1545 242 1596 que
267 1531 320 1580 et
350 1527 591 1580 hercules
615 1527 1020 1580 memorandum
1044 1530 1364 1596 spectamen,
1388 1526 1656 1596 uirginem
1681 1525 1831 1578 asino

139 1601 577 1673 triumphantem
649 1601 876 1670 denique
923 1602 1037 1670 ipse
1077 1602 1239 1654 etiam
1285 1601 1510 1653 hilarior
1546 1618 1645 1670 pro
1685 1600 1832 1653 uirili

70 1699 119 1732 so
141 1679 292 1744 parte
333 1675 405 1745 [p.
428 1673 546 1728 125.
563 1662 650 1744 E]
687 1694 753 1728 ne
776 1675 1044 1744 praesenti
1076 1675 1293 1746 negotio
1318 1678 1380 1727 ut
1410 1674 1614 1728 alienus
1639 1674 1831 1727 discre-

142 1768 346 1818 parem,
399 1750 660 1819 porrectis
715 1750 933 1803 auribus
987 1750 1336 1819 proflatisque
1379 1749 1603 1825 naribus
1652 1749 1832 1802 rudiui

141 1823 369 1893 fortiter,
408 1825 572 1876 immo
611 1824 821 1876 tonanti
854 1824 1083 1877 clamore
1122 1823 1389 1893 personui.
1437 1827 1491 1876 et
1529 1823 1678 1876 illam
1718 1822 1831 1875 tha-

140 1897 282 1951 lamo
338 1901 605 1967 receptam
656 1898 931 1951 commode
980 1902 1227 1968 parentes
1280 1899 1364 1951 sui
1413 1898 1691 1966 fouebant,
1746 1917 1831 1950 me

141 1990 269 2025 uero
318 1991 438 2025 cum
485 1973 693 2043 ingenti
739 1973 1101 2026 iumentorum
1142 1973 1447 2041 ciuiumque
1487 1971 1831 2024 multitudine

59 2068 120 2103 25
145 2046 427 2100 confestim
455 2051 762 2102 ‚retrorsum
802 2046 1142 2119 Tlepolemus
1189 2047 1382 2117 agebat
1428 2064 1536 2098 non
1584 2046 1831 2098 inuitum.

142 2139 267 2173 nam
306 2124 360 2174 et
397 2121 528 2174 alias
568 2122 810 2174 curiosus
830 2112 1061 2191 (eram)
1101 2125 1154 2174 et
1193 2124 1322 2173 tunc
1359 2120 1628 2172 latronum
1669 2121 1831 2189 capti-

142 2195 328 2247 uitatis
361 2198 629 2264 spectator
660 2196 911 2264 optabam
949 2196 1080 2249 fieri.
1134 2213 1268 2264 quos
1302 2195 1516 2264 quidem
1549 2194 1831 2264 colligatos

143 2268 314 2322 adhuc
351 2270 479 2322 uino
518 2270 691 2339 magis
725 2288 884 2339 quam
923 2269 1154 2323 uinculis
1194 2268 1652 2338 deprehendimus.
1700 2269 1831 2321 totis

143 2359 270 2412 ergo
309 2343 532 2412 prolatis
571 2345 843 2413 erutisque
875 2345 1034 2397 rebus
1068 2347 1121 2397 et
1151 2343 1308 2396 nobis
1340 2362 1469 2396 auro
1502 2346 1830 2413 argentoque

261 2506 283 2545 1
318 2502 470 2547 carius
503 2505 581 2559 φὸ
667 2510 705 2548 1.
725 2509 751 2547 2
785 2506 1103 2560 contemptam
1126 2517 1182 2548 ea
1213 2502 1400 2560 psentia,
1431 2502 1676 2564 quesiuere
1708 2516 1830 2546 mor-

140 2561 213 2605 tui
243 2561 279 2604 F
322 2563 639 2619 contemptam
670 2577 775 2607 eam
804 2563 1074 2620 praesentia
1106 2562 1257 2619 qsiere
1289 2580 1325 2619 φ
1427 2567 1481 2606 10
1515 2562 1641 2607 0111111
1671 2562 1830 2618 parati

141 2620 282 2664 morti
304 2622 468 2678 scripsi
489 2623 547 2677 cf.
570 2627 668 2668 141.
683 2627 738 2667 25
781 2628 832 2668 os*
854 2622 1030 2680 partim
1052 2621 1226 2666 mortui
1248 2622 1284 2666 F
1325 2627 1424 2666 offis
1448 2621 1605 2678 parati
1628 2620 1770 2665 morti
1792 2638 1829 2677 φ
1901 2664 1905 2667 .

142 2693 248 2723 011111
280 2678 480 2736 denique
513 2694 686 2738 omnes,
721 2683 803 2726 sed
833 2696 1021 2739 prorsus
1047 2695 1219 2739 omnes,
1252 2681 1364 2726 uino
1390 2680 1563 2738 sepulti
1591 2680 1829 2737 iacebant,

141 2738 298 2796 parati
328 2739 469 2783 morti
506 2740 620 2785 Oud.
675 2740 898 2786 iacebant
930 2742 992 2784 ad
1024 2754 1232 2797 somnos,
1262 2740 1438 2797 partim
1467 2739 1641 2783 mortui
1673 2740 1831 2785 Rohde

90 2815 92 2818 ’
144 2803 199 2842 14
235 2797 437 2855 primum
476 2799 535 2855 φι
589 2799 726 2844 81111111
757 2800 818 2857 φῖ
921 2805 974 2844 18
1016 2802 1224 2856 spectaffi
1254 2800 1290 2843 F
1330 2802 1449 2858 (tam
1478 2801 1530 2843 in
1559 2813 1650 2844 ras.
1682 2814 1738 2843 m.
1771 2803 1828 2857 r.)

142 2888 352 2943 spectaffi
383 2904 418 2943 φ
541 2892 596 2932 25
636 2890 890 2934 retrorsum
922 2889 1074 2945 [παρ’.
1121 2891 1276 2935 retro*
1307 2889 1343 2932 F
1374 2865 1498 2933 retro
1622 2887 1830 2945 plepole-

141 2960 244 2990 mus
275 2946 357 3002 Fcp
480 2951 535 2990 26
569 2947 766 3008 (eram)
800 2949 957 2993 Rohde

1466 3062 1500 3092 Ο
