1916 3132
10 14 62 42 “⁵2

67 0 91 20 ἔν
129 0 162 31 ῥ’
215 9 246 26 't-
273 10 285 21 a*
308 0 366 24 cof(
419 0 478 28 ‘⁸1'
490 0 622 25 Ανῖτθή
668 0 720 53 ζ’*
739 0 935 46 κδῩἼ-βγῗῑ
950 0 1057 17 *W
1076 0 1300 57 ϋῇΜ-»Ϋ
1315 0 1530 68 manv)

221 85 322 138 186
884 91 1244 140 ΕΒΔΟΜΟΝ

218 227 409 296 τρςόαν
434 229 799 294 γνωρίζοντες
827 225 976 296 ὄψιν,
1004 229 1224 296 τοῦμὲν
1239 231 1320 282 ἔτι
1344 237 1460 291 τοῖς
1485 238 1783 298 πτωχικοῖς
1799 229 1910 300 η’μ-

220 312 529 380 φιεσμένον
566 311 816 379 ῥάκεσιν,
857 310 1015 365 αὐτοὶ
1050 313 1110 366 δὲ
1157 312 1276 367 ὅλοι
1322 316 1417 382 τῆς
1453 311 1698 381 ἀγωνίας
1732 312 1907 384 ὄντες,

221 393 297 458 ὥς
321 414 446 447 τινα
473 399 586 448 τῶν
623 394 886 464 ἀγυρτῶν
919 392 956 465 ἢ
992 397 1084 450 καὶ
1111 394 1295 459 ἄλλως
1323 397 1701 466 ἐξεστηκότων
1725 401 1908 468 παρή-

218 483 430 548 μειβον.
494 484 608 532 τῶν
647 482 708 534 δὲ
747 480 837 533 ἐπὶ
871 485 974 534 τοῦ
1009 485 1226 551 τείχους
1262 486 1320 535 οἳ
1350 482 1454 550 μὲν
1492 482 1812 552 ἐθαύμαζον
1837 480 1910 548 ὠς

219 561 565 632 ἀφειδοῦντα
602 563 778 618 αὐτοῦ
815 565 907 617 καὶ
943 566 1021 629 εἰς
1058 567 1308 636 ξιφήρεις
1344 566 1718 636 ἐμβάλλοντα,
1756 570 1817 621 οἳ
1846 569 1907 623 δὲ

220 647 294 711 ὥς
320 652 661 718 παραπλῆγα
689 650 780 701 καὶ
807 649 991 718 μάτην
1016 653 1337 719 φερόμενον
1375 651 1598 719 ἐγέλων.
1659 649 1785 704 ἀλλ’
1815 649 1909 705 ὅτε

219 732 410 796 συνεὶς
447 730 476 786 ὁ
514 734 831 802 πρεσβύτης
881 732 993 787 ὑπὸ
1040 739 1138 804 τῆς
1179 734 1458 798 εὐτελείας
1494 739 1596 789 τοῦ
1635 737 1911 806 σχήματος

218 817 419 871 εαυτόν
447 812 514 870 ού
538 811 1282 922 γνωριζόμενονᾌέγυμνοόθη
1317 841 1420 888 μεν
1457 840 1571 873 των
1611 821 1910 890 ἐπιβεβλη-

218 902 404 971 μένων
423 902 639 1004 ρακῶν,
665 901 767 971 τὴν
787 903 897 955 δε
872 888 1028 973 ιερᾶν
1050 905 1227 973 κόμην
1249 904 1453 957 ἄδετον
1474 895 1652 958 οὖσαν
1673 908 1907 974 καθῆκε,

219 988 313 1039 καὶ
351 984 413 1038 τὸ
452 985 575 1039 κατ’
607 986 776 1055 ω’μων
802 991 1038 1055 φορτίον
1064 1008 1156 1040 και
1182 987 1285 1056 τήν
1314 990 1377 1042 ἐν
1402 988 1559 1058 χερσὶ
1597 991 1909 1058 βακτηρίαν

219 1069 538 1138 ἀπορρίψας
564 1073 693 1140 ἔστη
722 1071 860 1123 κατὰ
900 1073 1225 1141 πρόσωπον,
1263 1074 1355 1125 καὶ
1394 1071 1562 1141 ὤφθη
1588 1059 1844 1143 γεραράς]
1850 1091 1910 1126 τε

219 1156 313 1208 καὶ
341 1154 701 1223 ἱεροπρεπής,
730 1136 1114 1209 ὑπῶκλασέέτε
1139 1155 1345 1226 ἠρέμα,
1383 1158 1474 1210 καὶ
1499 1157 1598 1220 τὰς
1622 1167 1808 1225 χεῖρας
1833 1157 1911 1221 εἰς

219 1241 506 1308 ἱκετηρίαν
545 1244 842 1307 προτείνας
879 1233 967 1294 “ω’”
990 1241 1198 1294 τέκνα”
1234 1240 1343 1295 σὺν
1378 1242 1654 1306 δάκρυσιν
1690 1239 1910 1294 ἀνωλό-

219 1324 406 1391 λυξεν,
436 1315 641 1385 “οὗτος
669 1323 776 1392 ἐγώ
805 1327 1140 1399 Καλάσιρις,
1179 1319 1343 1389 οὗτος
1370 1324 1475 1394 ἐγω
1503 1322 1684 1393 πατὴρ
1712 1323 1742 1378 ὁ
1771 1323 1910 1393 ὑμέ-

219 1427 402 1475 τερος·
432 1407 609 1461 αὐτοῦ
634 1399 944 1477 στῆτεζκαὶ
970 1399 1073 1480 τὴν
1095 1409 1156 1463 ἐκ
1182 1414 1397 1479 μοιρῶν
1422 1413 1630 1478 μανίαν
1651 1409 1907 1479 στήσατε,

218 1492 319 1545 τὸν
354 1493 540 1559 φύντα
577 1495 670 1545 καὶ
709 1496 928 1561 ἔχοντες
964 1495 1058 1547 καὶ
1096 1493 1521 1562 αἰδεσθέντες,”
1562 1494 1685 1547 τότε
1723 1496 1780 1546 οἳ
1804 1493 1909 1562 μὲν

219 1581 603 1644 παρείθησαν,
662 1579 756 1630 καὶ
813 1583 1220 1647 κατενεχθῆναι
1274 1577 1479 1648 μικρὸν
1540 1568 1916 1651 ἀπολιπόντες

220 1661 604 1728 προσέπιπτον
631 1660 799 1729 ἄμφω
820 1666 896 1731 τῷ
921 1665 1118 1730 πατρί,
1149 1664 1240 1716 καὶ
1266 1673 1381 1725 τοῖς
1405 1662 1604 1731 γόνασι
1629 1661 1910 1731 περιφύν-

218 1764 334 1810 τες,
363 1748 556 1812 πρῶτα
599 1746 702 1814 μὲν
729 1744 1090 1813 ἀτενέστερον
1119 1749 1425 1816 ἐνορῶντες
1451 1748 1784 1816 διηκρίβουν
1806 1746 1910 1801 τὸν

218 1829 673 1898 ἀναγνωρισμόν,
711 1827 784 1890 ὥς
823 1831 883 1882 δὲ
919 1828 988 1882 ού
1023 1830 1216 1898 φάσμα
1242 1831 1345 1898 τὴν
1372 1829 1513 1902 ὅψινξ
1530 1830 1807 1899 ἀλήθειαν
1844 1831 1906 1885 δὲ

223 1913 557 1982 ἐγνώρισαν,
577 1912 802 1966 πολλὰ
778 1913 888 1982 άμα
910 1915 1002 1966 καὶ
1026 1915 1081 1977 ἐξ
1104 1913 1379 1966 ἐναντίων
1398 1913 1662 1981 ἔπασχον.
1701 1913 1908 1983 ἥδοντο

223 1999 314 2052 ἐπὶ
351 2001 427 2067 τῷ
467 1997 639 2066 φύντι
674 2000 962 2068 σωζομένῳ
989 1996 1123 2066 παρ’
1155 1998 1408 2059 ἐλπίδας·
1451 1996 1546 2066 ἐφ
1554 1991 1910 2095 ᾖκατελαμ-

221 2082 464 2150 βάνοντο
485 2082 712 2166 πράξει,
751 2082 844 2134 καὶ
877 2082 1119 2150 η’νιωντο
1147 2083 1240 2135 καὶ
1265 2078 1606 2151 ᾐσχύνοντο·
1644 2084 1744 2151 τῆς
1768 2080 1905 2152 ἀδη-

222 2169 344 2227 λίας
370 2185 484 2218 των
501 2163 1054 2243 ἀποβησομένωνίείς
1079 2165 1328 2234 ἀγωνίαν
1354 2170 1713 2220 καθίσταντο.

332 2251 424 2302 καὶ
462 2254 636 2302 ταῦτα
665 2253 744 2303 ἔτι
770 2271 884 2303 των
913 2245 974 2303 ἐκ
1001 2253 1096 2320 τῆς
1121 2251 1333 2313 πόλεως
1356 2251 1779 2318 θαυμαζόντων,
1815 2251 1908 2303 καὶ

225 2335 510 2402 λεγόντων
544 2335 645 2403 μὲν
683 2333 853 2386 οὐδὲν
879 2333 1016 2387 οὐδὲ
1043 2335 1420 2404 πραττόντων,
1458 2333 1647 2403 ὥσπερ
1684 2334 1744 2386 δὲ
1770 2331 1908 2402 ἀχαο

224 2423 346 2472 νῶν
379 2416 478 2470 ὑπ’
507 2416 736 2486 ἀγνοίας
783 2419 875 2470 καὶ
919 2428 1035 2481 τοῖς
1067 2415 1489 2487 γεγραμμένοιξ
1503 2419 1909 2487 παραπλησίων

225 2501 365 2569 πρὸς
389 2503 572 2572 μόνην
597 2500 699 2570 τὴν
726 2503 869 2555 θέαν
898 2504 1275 2572 ἐπτοημένων,
1303 2501 1495 2572 ἕτερον
1524 2502 1737 2569 ἐγίνετο
1763 2519 1909 2568 παρ-

227 2567 677 2654 εγκύκλημαότοῦ
704 2587 983 2653 δράματος
1017 2585 1050 2656 ἡ
1079 2589 1408 2690 ἔαρξακλ-ειαμ.
1471 2583 1592 2638 κατ’
1625 2590 1776 2653 ἴχνος
1799 2583 1906 2652 γὰρ

229 2672 546 2739 ἐφεπομένη
571 2675 673 2722 τοῦ
700 2672 1101 2739 Καλασίριδος,
1141 2671 1234 2722 καὶ
1260 2670 1562 2738 πόρρωθεν
1587 2667 1900 2736 ἀναγνωρί-

228 2769 372 2807 σασα
398 2753 496 2807 τὸν
534 2755 819 2834 Θεαγένην
857 2751 978 2821 (ὀξύ
1004 2757 1113 2822 γάρ
1139 2773 1190 2805 τι
1215 2753 1356 2821 πρὸς
1383 2755 1690 2821 ἐπίγνωσιν
1717 2752 1906 2819 ἐρωτι-

227 2858 345 2892 κων
373 2837 522 2906 ὄψις,
563 2840 655 2891 καὶ
692 2841 896 2906 κίνημα
932 2838 1202 2900 πολλάκις
1227 2838 1319 2890 καὶ
1355 2841 1535 2906 σχῆμα
1560 2838 1765 2905 μόνον,
1798 2829 1909 2888 κᾶν
