1916 3132
806 107 1071 156 TPITON
1725 102 1788 155 91

94 249 194 305 ἅτε
229 248 539 319 Αἰγύπτιος
586 244 683 300 καὶ
726 244 830 315 τὴν
869 243 1030 315 ἱερὰν
1074 245 1378 298 παίδευσιν
1418 244 1791 311 ἐκδιδαχθείς,

95 336 452 404 συμβολικῶς
495 340 612 393 τοῖς
657 333 854 385 ἔπεσιν
902 329 1241 397 ἐναπέθετο,
1290 338 1407 390 τοῖς
1457 327 1794 394 δυναμένοις

95 420 350 473 συνιέναι
385 418 681 486 γνωρίζειν
731 412 1078 482 καταλιπων,
1130 413 1223 468 ε’πὶ
1271 414 1376 481 μὲν
1422 414 1521 480 τῆς
1554 409 1795 480 Ἀθηνᾶς

93 501 305 557 “δεινῶ
334 502 398 555 δέ
415 501 481 554 »οί
500 499 633 570 ὄσσε
661 499 967 571 φάανθεν”
1011 497 1203 565 εἰπών,
1246 498 1338 552 ἐπὶ
1372 499 1434 551 δὲ
1459 499 1563 549 τοῦ
1589 501 1792 549 Ποσει-

44 610 66 643 ι
95 589 276 650 δῶνος
300 580 363 640 τὸ
389 590 540 655 ἴχνια
564 580 673 654 γὰρ
699 586 1011 653 μετόπισθε
1036 583 1233 636 ποδῶν
1256 583 1357 651 ἠδὲ
1383 581 1658 651 κνημάων
1680 579 1791 653 ῥεῖ’

92 674 276 741 ἔγνων
301 666 583 738 ἀπιόντος,
624 662 747 724 οἷον
774 668 998 737 ῥέοντος
1026 667 1089 722 ἐν
1115 671 1183 737 τῇ
1210 669 1427 738 πορεία.
1493 669 1660 719 τοῦτο
1686 665 1795 735 γάρ

95 757 215 811 ἐστι
239 753 440 829 τὸ,ρεῖ’
469 753 764 822 ἀπιόντος,
794 751 888 806 καὶ
915 750 1018 822 οὐχ
1044 752 1122 816 ῶς
1147 772 1296 815 τινες
1318 750 1654 821 ἦπάτηνται,
1694 750 1796 821 ρ”ᾳ-

94 841 228 903 δίως
264 842 446 908 ἔγνων
472 837 990 908 ὑπολαμβάνοντες.

200 927 375 978 ταῦτα
419 924 550 993 μέν,
603 915 647 977 ῶ
693 923 981 992 θειότατε,
1035 922 1351 991 μεμύηκας,
1402 924 1510 993 ἔφη
1561 921 1590 976 6
1640 922 1796 992 Κνή-

28 1030 68 1064 ιο
96 1028 250 1079 μων·
291 1008 603 1077 Αίγύπτιον
631 1009 691 1063 δὲ
703 1007 955 1078 Ὅμηρον
979 1006 1409 1070 άποκαλοῦντός
1443 1022 1551 1060 σου
1583 1007 1796 1061 πολλά-

96 1113 213 1161 κις,
254 1091 287 1146 ὃ
323 1096 438 1146 τῶν
475 1095 706 1147 πάντων
734 1098 869 1156 ἴσως
907 1090 1094 1155 οὐδεὶς
1119 1091 1366 1161 ἀκήκοεν
1394 1094 1472 1154 εἰς
1496 1090 1600 1161 τὴν
1626 1093 1795 1162 σήμε-

98 1197 221 1249 ρον,
250 1175 384 1232 οὔτε
410 1175 667 1231 άπιστεῖν
692 1180 817 1245 ἔχω,
847 1175 938 1229 καὶ
966 1175 1191 1246 σφόδρα
1226 1175 1536 1245 θαυμάζων
1564 1175 1797 1230 ἱκετεύω

95 1261 170 1332 μὴ
197 1263 588 1332 παραδραμεῖν
615 1278 679 1315 σε
703 1265 805 1315 τοῦ
843 1263 1018 1329 λόγου
1053 1259 1157 1330 τήν
1192 1259 1506 1330 ἀκρίβειαν.
1570 1254 1616 1313 ῶ
1642 1260 1797 1330 Κνή-

96 1367 247 1418 μων,
287 1348 338 1399 εί
361 1346 455 1399 καὶ
481 1348 692 1413 ἔξωρον
716 1344 779 1400 τὸ
806 1347 934 1414 περὶ
970 1344 1187 1399 τούτων
1212 1346 1344 1399 νυνὶ
1372 1346 1797 1414 διαλαμβάνειν,

27 1453 69 1487 15
99 1429 224 1485 ἀλλ’
253 1429 405 1500 ὅμως
449 1430 659 1493 ’κούοις
684 1426 757 1484 ἄν
784 1432 1193 1499 ἐπιτέμνοντος.
1242 1428 1515 1499 ’“Ὀμηρος,
1542 1421 1587 1483 ὦ
1614 1432 1797 1498 φίλος,

98 1514 200 1570 ὑπ’
230 1514 422 1570 ἄλλων
460 1517 565 1585 μὲν
600 1514 848 1570 άλλοθεν
875 1513 1260 1584 ὀνομαζέσθω,
1299 1515 1393 1568 καὶ
1431 1515 1767 1585 πατρὶςμ
1659 1517 1798 1568 ἔστω

98 1603 176 1654 τῶ
111 1615 364 1677 σοφω
391 1605 543 1654 πᾶσα
569 1603 758 1668 πόλις,
785 1591 859 1669 ἦν
886 1601 948 1655 δὲ
976 1601 1054 1663 εἰς
1079 1598 1357 1668 ἀλήθειαν
1382 1593 1800 1669 ἡμεδαπὸςἈί-

99 1685 358 1752 γύπτιος,
403 1674 516 1739 καὶ
548 1686 708 1748 πόλις
755 1682 907 1756 αὐτῷ
947 1688 1131 1755 Θῆβαι
1177 1685 1241 1736 αἰ
1273 1683 1660 1752 ἑκατόμπυλοί
1695 1684 1801 1736 εἰσι

100 1768 227 1822 κατ’
264 1767 439 1823 αύτόν
478 1771 718 1839 ἐκεῖνον,
767 1768 952 1839 πατὴρ
991 1771 1054 1824 δὲ
1091 1772 1169 1840 τῷ
1205 1770 1309 1838 μὲν
1348 1772 1540 1822 δοκεῖν
1577 1768 1798 1837 προφή-

29 1877 71 1910 20
100 1872 224 1923 της,
262 1853 325 1906 τὸ
361 1856 423 1908 δὲ
461 1852 706 1919 ἀψευδὲς
733 1853 955 1924 Ἑρμῆς,
995 1848 1173 1936 οὗπερ
1210 1847 1285 1923 ἦν
1322 1852 1350 1909 6
1393 1856 1580 1908 δοκων
1620 1850 1801 1921 πατὴρ

48 1939 407 2021 προφήτης.
446 1944 514 2009 τῇ
538 1959 648 2008 γαρ
668 1940 876 1994 τούτου
901 1943 1114 2009 γαμετῇ
1136 1935 1380 2010 ’τελούσῃ
1407 1959 1534 1992 τινα
1560 1939 1803 2006 πάτριον

101 2019 388 2091 ἁγιστείαν
425 2026 519 2077 καὶ
557 2026 697 2078 κατὰ
736 2023 799 2077 τὸ
840 2024 994 2092 ἱερὸν
1033 2025 1421 2094 καθευδούσῃ
1439 2027 1735 2092 συνῆλθεν
1774 2019 1803 2074 6

102 2107 351 2176 δαίμων,
391 2109 485 2162 καὶ
523 2119 676 2163 ποιεῖ
707 2107 1102 2179 τὸνὍμηρον,
1157 2109 1409 2179 φέροντά
1447 2129 1497 2161 τι
1533 2111 1631 2177 τῆς
1669 2104 1803 2161 ἀνο-

101 2194 268 2261 μοίου
304 2194 504 2262 μίξεως
539 2194 852 2263 σύμβολον·
892 2195 1114 2266 θατέρῳ
1147 2193 1258 2264 γὰρ
1296 2204 1421 2248 τοῖν
1457 2202 1663 2263 μηροῖν
1701 2189 1805 2245 αὐ-

33 2300 77 2333 25
103 2277 279 2331 τόθεν
326 2277 381 2343 ἐξ
429 2276 654 2332 ῶδίνων
695 2279 844 2332 πολύ
892 2299 945 2332 τι
987 2281 1162 2348 μῆκος
1198 2282 1405 2348 τριχῶν
1445 2276 1801 2342 ἐπεπόλαζεν.

103 2359 245 2416 ὅθεν
282 2361 418 2430 παρ’
459 2361 650 2426 ἄλλοις
695 2383 784 2430 τε,
836 2367 931 2417 καὶ
978 2362 1081 2432 οὐχ
1126 2363 1332 2433 ἥκιστα
1376 2362 1511 2433 παρ’
1537 2362 1805 2429 Ἕλλησιν

104 2443 392 2516 ἀλητεύων
426 2450 521 2502 καὶ
553 2447 660 2519 τὴν
698 2453 927 2518 ποίησιν
964 2447 1123 2520 ᾄδων
1144 2448 1262 2501 ’τοῦ
1287 2446 1561 2517 ὀνόματος
1586 2449 1803 2515 ἔτυχεν,

107 2527 277 2593 αὐτὸς
300 2533 406 2600 μὲν
431 2531 494 2586 τὸ
520 2535 670 2587 ἴδιον
705 2532 774 2587 ού
800 2535 999 2603 λέγων,
1037 2531 1161 2586 ἀλλ’
1200 2531 1334 2586 οὐδὲ
1370 2531 1539 2586 πόλιν
1573 2529 1611 2600 ἢ
1646 2530 1807 2599 γένος

109 2613 416 2686 ὀνομάζων,
455 2621 572 2671 τῶν
610 2619 671 2671 δὲ
711 2617 1041 2687 ἐγνωκότων
1075 2617 1137 2671 τὸ
1176 2618 1306 2687 περὶ
1342 2619 1405 2671 τὸ
1435 2621 1595 2685 σῶμα
1622 2614 1807 2675 πάθος

37 2718 83 2754 ω
113 2701 191 2763 εἰς
216 2697 392 2770 ὄνομα
416 2705 835 2771 κρατησάντων.
872 2705 927 2756 τί
947 2704 1008 2758 δὲ
1030 2706 1280 2772 σκοπῶν,
1308 2695 1354 2755 ῶ
1376 2702 1571 2769 πάτερ,
1595 2698 1806 2752 ε’σιῶπα

106 2786 213 2854 τὴν
254 2786 626 2853 ἐνεγκοῦσαν;
665 2786 792 2856 ἤτοι
829 2786 892 2841 τὸ
933 2783 1116 2855 φυγὰς
1155 2783 1298 2840 εἶναι
1337 2783 1805 2851 καταιδούμενος·

110 2867 356 2939 έδιιόχθη
393 2868 502 2939 γάρ
537 2868 646 2927 ὑπὸ
679 2876 783 2925 τοῦ
819 2875 1057 2942 πατρός,
1102 2870 1194 2925 ὅτε
1222 2873 1279 2935 ἐξ
1309 2870 1542 2939 ἐφήβων
1571 2868 1649 2929 εἰς
1674 2862 1807 2928 τοὺς

1819 927 1885 978 14
