<?xml version="1.0" encoding="UTF-8"?>
<!DOCTYPE html PUBLIC "-//W3C//DTD XHTML 1.0 Transitional//EN"
    "http://www.w3.org/TR/xhtml1/DTD/xhtml1-transitional.dtd">
<html xmlns="http://www.w3.org/1999/xhtml" xml:lang="en" lang="en">
 <head>
  <title>
</title>
<meta http-equiv="Content-Type" content="text/html;charset=utf-8" />
  <meta name='ocr-system' content='tesseract 3.04.00' />
  <meta name='ocr-capabilities' content='ocr_page ocr_carea ocr_par ocr_line ocrx_word'/>
</head>
<body>
  <div class='ocr_page' id='page_1' title='image "./aethiopicorumlib00heliuoft_0165.png"; bbox 0 0 1916 3132; ppageno 0'>
   <div class='ocr_carea' id='block_1_1' title="bbox 762 150 1792 205">
    <p class='ocr_par' dir='ltr' id='par_1_1' title="bbox 762 150 1792 205">
     <span class='ocr_line' id='line_1_1' title="bbox 762 150 1792 205; baseline -0.001 0"><span class='ocrx_word' id='word_1_1' title='bbox 762 154 1136 205; x_wconf 88' lang='grc' dir='ltr'><em>ΠΕΜΠΤΟΝ</em></span> <span class='ocrx_word' id='word_1_2' title='bbox 1690 150 1792 205; x_wconf 85' lang='grc'><strong><em>155</em></strong></span> 
     </span>
    </p>
   </div>
   <div class='ocr_carea' id='block_1_2' title="bbox 0 289 1847 2994">
    <p class='ocr_par' dir='ltr' id='par_1_2' title="bbox 0 289 1795 2063">
     <span class='ocr_line' id='line_1_2' title="bbox 0 289 1793 372; baseline -0.003 -21"><span class='ocrx_word' id='word_1_3' title='bbox 0 289 290 372; x_wconf 52' lang='grc' dir='ltr'><strong><em>ἱξῆξὲπαιόν</em></strong></span> <span class='ocrx_word' id='word_1_4' title='bbox 324 315 384 350; x_wconf 88' lang='grc' dir='ltr'><strong><em>τε</em></strong></span> <span class='ocrx_word' id='word_1_5' title='bbox 422 294 805 365; x_wconf 81' lang='grc' dir='ltr'><strong><em>συμπεσόντες</em></strong></span> <span class='ocrx_word' id='word_1_6' title='bbox 843 291 1122 362; x_wconf 78' lang='grc' dir='ltr'><strong><em>ἀλλήλους</em></strong></span> <span class='ocrx_word' id='word_1_7' title='bbox 1160 289 1434 360; x_wconf 72' lang='grc' dir='ltr'><strong><em>ἀφειδῶς,</em></strong></span> <span class='ocrx_word' id='word_1_8' title='bbox 1484 295 1542 345; x_wconf 81' lang='grc' dir='ltr'><strong><em>οἳ</em></strong></span> <span class='ocrx_word' id='word_1_9' title='bbox 1574 292 1678 359; x_wconf 78' lang='grc' dir='ltr'><strong><em>μὲν</em></strong></span> <span class='ocrx_word' id='word_1_10' title='bbox 1717 289 1793 355; x_wconf 74' lang='grc' dir='ltr'><strong><em>ὥς</em></strong></span> 
     </span>
     <span class='ocr_line' id='line_1_3' title="bbox 0 374 1790 467; baseline -0.004 -31"><span class='ocrx_word' id='word_1_11' title='bbox 0 382 20 467; x_wconf 59' lang='grc' dir='ltr'>Ξ</span> <span class='ocrx_word' id='word_1_12' title='bbox 93 380 473 450; x_wconf 85' lang='grc' dir='ltr'><strong><em>έπαμύνοντες</em></strong></span> <span class='ocrx_word' id='word_1_13' title='bbox 498 383 574 450; x_wconf 77' lang='grc' dir='ltr'><strong><em>τῷ</em></strong></span> <span class='ocrx_word' id='word_1_14' title='bbox 601 378 850 448; x_wconf 76' lang='grc' dir='ltr'><strong><em>ἄρχοντι,</em></strong></span> <span class='ocrx_word' id='word_1_15' title='bbox 880 379 936 430; x_wconf 82' lang='grc' dir='ltr'><strong><em>οἵ</em></strong></span> <span class='ocrx_word' id='word_1_16' title='bbox 958 378 1019 430; x_wconf 82' lang='grc' dir='ltr'><strong><em>δὲ</em></strong></span> <span class='ocrx_word' id='word_1_17' title='bbox 1049 374 1124 440; x_wconf 70' lang='grc' dir='ltr'><strong><em>(ὃς</em></strong></span> <span class='ocrx_word' id='word_1_18' title='bbox 1149 379 1251 429; x_wconf 85' lang='grc' dir='ltr'><strong><em>τοῦ</em></strong></span> <span class='ocrx_word' id='word_1_19' title='bbox 1273 374 1551 444; x_wconf 77' lang='grc' dir='ltr'><strong><em>Πελωρου</em></strong></span> <span class='ocrx_word' id='word_1_20' title='bbox 1580 374 1689 429; x_wconf 77' lang='grc' dir='ltr'><strong><em>σὺν</em></strong></span> <span class='ocrx_word' id='word_1_21' title='bbox 1715 380 1790 448; x_wconf 79' lang='grc' dir='ltr'><strong><em>τςό</em></strong></span> 
     </span>
     <span class='ocr_line' id='line_1_4' title="bbox 50 454 1791 538; baseline -0.005 -16.251"><span class='ocrx_word' id='word_1_22' title='bbox 50 454 290 538; x_wconf 52' lang='grc' dir='ltr'><strong><em>ζῗδικαίῳ</em></strong></span> <span class='ocrx_word' id='word_1_23' title='bbox 327 466 781 535; x_wconf 81' lang='grc' dir='ltr'><strong><em>προασπίζοντες.</em></strong></span> <span class='ocrx_word' id='word_1_24' title='bbox 842 463 936 515; x_wconf 84' lang='grc' dir='ltr'><strong><em>καὶ</em></strong></span> <span class='ocrx_word' id='word_1_25' title='bbox 973 454 1049 532; x_wconf 75' lang='grc' dir='ltr'><strong><em>ἦν</em></strong></span> <span class='ocrx_word' id='word_1_26' title='bbox 1087 462 1299 531; x_wconf 85' lang='grc' dir='ltr'><strong><em>οἰμωγὴ</em></strong></span> <span class='ocrx_word' id='word_1_27' title='bbox 1339 464 1437 530; x_wconf 91' lang='grc' dir='ltr'><strong><em>μία</em></strong></span> <span class='ocrx_word' id='word_1_28' title='bbox 1477 461 1667 526; x_wconf 81' lang='grc' dir='ltr'><strong><em>ξύλοις</em></strong></span> <span class='ocrx_word' id='word_1_29' title='bbox 1703 465 1791 514; x_wconf 90' lang='grc' dir='ltr'><strong><em>λί-</em></strong></span> 
     </span>
     <span class='ocr_line' id='line_1_5' title="bbox 0 541 1791 620; baseline -0.004 -14"><span class='ocrx_word' id='word_1_30' title='bbox 0 541 37 615; x_wconf 53' lang='grc' dir='ltr'><strong><em>ἷῇ</em></strong></span> <span class='ocrx_word' id='word_1_31' title='bbox 89 553 513 620; x_wconf 82' lang='grc' dir='ltr'><strong><em>θοις-κρατῆρσι</em></strong></span> <span class='ocrx_word' id='word_1_32' title='bbox 541 550 733 611; x_wconf 80' lang='grc' dir='ltr'><strong><em>δαλοῖς</em></strong></span> <span class='ocrx_word' id='word_1_33' title='bbox 757 548 1051 618; x_wconf 81' lang='grc' dir='ltr'><strong><em>τραπέζαις</em></strong></span> <span class='ocrx_word' id='word_1_34' title='bbox 1075 547 1407 616; x_wconf 82' lang='grc' dir='ltr'><strong><em>βαλλόντων</em></strong></span> <span class='ocrx_word' id='word_1_35' title='bbox 1445 547 1539 601; x_wconf 80' lang='grc' dir='ltr'><strong><em>καὶ</em></strong></span> <span class='ocrx_word' id='word_1_36' title='bbox 1577 549 1791 616; x_wconf 84' lang='grc' dir='ltr'><strong><em>βαλλο-</em></strong></span> 
     </span>
     <span class='ocr_line' id='line_1_6' title="bbox 0 625 1795 707; baseline -0.004 -16"><span class='ocrx_word' id='word_1_37' title='bbox 0 625 17 690; x_wconf 66' lang='grc' dir='ltr'>Ξ</span> <span class='ocrx_word' id='word_1_38' title='bbox 90 636 294 707; x_wconf 85' lang='grc' dir='ltr'><strong><em>μένων.</em></strong></span> <span class='ocrx_word' id='word_1_39' title='bbox 367 632 473 703; x_wconf 74' lang='grc' dir='ltr'><strong><em>ἐγώ</em></strong></span> <span class='ocrx_word' id='word_1_40' title='bbox 514 633 576 687; x_wconf 76' lang='grc' dir='ltr'><strong><em>δὲ</em></strong></span> <span class='ocrx_word' id='word_1_41' title='bbox 614 630 688 696; x_wconf 74' lang='grc' dir='ltr'><strong><em>ὥς</em></strong></span> <span class='ocrx_word' id='word_1_42' title='bbox 724 632 1068 702; x_wconf 78' lang='grc' dir='ltr'><strong><em>πορρωτάτω</em></strong></span> <span class='ocrx_word' id='word_1_43' title='bbox 1108 633 1352 702; x_wconf 80' lang='grc' dir='ltr'><strong><em>χωρίσας</em></strong></span> <span class='ocrx_word' id='word_1_44' title='bbox 1391 632 1657 703; x_wconf 81' lang='grc' dir='ltr'><strong><em>ἐμαυτόν,</em></strong></span> <span class='ocrx_word' id='word_1_45' title='bbox 1699 633 1795 686; x_wconf 86' lang='grc' dir='ltr'><strong><em>ἐπί</em></strong></span> 
     </span>
     <span class='ocr_line' id='line_1_7' title="bbox 89 713 1791 788; baseline -0.003 -14.298"><span class='ocrx_word' id='word_1_46' title='bbox 89 739 239 784; x_wconf 87' lang='grc' dir='ltr'><strong><em>τινος</em></strong></span> <span class='ocrx_word' id='word_1_47' title='bbox 276 719 459 788; x_wconf 87' lang='grc' dir='ltr'><strong><em>λόφου</em></strong></span> <span class='ocrx_word' id='word_1_48' title='bbox 507 718 652 771; x_wconf 89' lang='grc' dir='ltr'><strong><em>θέαν</em></strong></span> <span class='ocrx_word' id='word_1_49' title='bbox 699 716 1007 771; x_wconf 89' lang='grc' dir='ltr'><strong><em>ἀκίνδυνον</em></strong></span> <span class='ocrx_word' id='word_1_50' title='bbox 1056 718 1279 787; x_wconf 80' lang='grc' dir='ltr'><strong><em>ἐμαυτῷ</em></strong></span> <span class='ocrx_word' id='word_1_51' title='bbox 1326 716 1649 785; x_wconf 89' lang='grc' dir='ltr'><strong><em>κατένεμον.</em></strong></span> <span class='ocrx_word' id='word_1_52' title='bbox 1724 713 1791 769; x_wconf 84' lang='grc' dir='ltr'><strong><em>οὐ</em></strong></span> 
     </span>
     <span class='ocr_line' id='line_1_8' title="bbox 87 793 1792 878; baseline -0.003 -19.213"><span class='ocrx_word' id='word_1_53' title='bbox 87 807 200 878; x_wconf 81' lang='grc' dir='ltr'><strong><em>μὴν</em></strong></span> <span class='ocrx_word' id='word_1_54' title='bbox 224 803 357 859; x_wconf 79' lang='grc' dir='ltr'><strong><em>οὐδὲ</em></strong></span> <span class='ocrx_word' id='word_1_55' title='bbox 388 803 668 873; x_wconf 77' lang='grc' dir='ltr'><strong><em>Θεαγένης</em></strong></span> <span class='ocrx_word' id='word_1_56' title='bbox 692 801 973 872; x_wconf 88' lang='grc' dir='ltr'><strong><em>ἀπόλεμος</em></strong></span> <span class='ocrx_word' id='word_1_57' title='bbox 998 793 1087 871; x_wconf 83' lang='grc' dir='ltr'><strong><em>ἦν,</em></strong></span> <span class='ocrx_word' id='word_1_58' title='bbox 1116 801 1252 856; x_wconf 76' lang='grc' dir='ltr'><strong><em>οὐδὲ</em></strong></span> <span class='ocrx_word' id='word_1_59' title='bbox 1278 801 1311 872; x_wconf 84' lang='grc' dir='ltr'><em>ἡ</em></span> <span class='ocrx_word' id='word_1_60' title='bbox 1340 805 1663 871; x_wconf 87' lang='grc' dir='ltr'><strong><em>Χαρίκλεια.</em></strong></span> <span class='ocrx_word' id='word_1_61' title='bbox 1724 800 1792 854; x_wconf 78' lang='grc' dir='ltr'><strong><em>τὰ</em></strong></span> 
     </span>
     <span class='ocr_line' id='line_1_9' title="bbox 87 884 1787 962; baseline -0.004 -16.389"><span class='ocrx_word' id='word_1_62' title='bbox 87 891 195 962; x_wconf 78' lang='grc' dir='ltr'><strong><em>γὰρ</em></strong></span> <span class='ocrx_word' id='word_1_63' title='bbox 233 892 575 958; x_wconf 77' lang='grc' dir='ltr'><strong><em>συγκείμενα</em></strong></span> <span class='ocrx_word' id='word_1_64' title='bbox 613 889 973 958; x_wconf 87' lang='grc' dir='ltr'><strong><em>πράττοντες,</em></strong></span> <span class='ocrx_word' id='word_1_65' title='bbox 1007 884 1185 954; x_wconf 36' lang='grc' dir='ltr'><strong><em>,ὃμὲν</em></strong></span> <span class='ocrx_word' id='word_1_66' title='bbox 1202 886 1445 957; x_wconf 82' lang='grc' dir='ltr'><strong><em>ξιφήρης</em></strong></span> <span class='ocrx_word' id='word_1_67' title='bbox 1470 887 1695 958; x_wconf 79' lang='grc' dir='ltr'><strong><em>θατέρῳ</em></strong></span> <span class='ocrx_word' id='word_1_68' title='bbox 1721 884 1787 939; x_wconf 84' lang='grc' dir='ltr'><strong><em>τά</em></strong></span> 
     </span>
     <span class='ocr_line' id='line_1_10' title="bbox 0 972 1791 1046; baseline -0.004 -14"><span class='ocrx_word' id='word_1_69' title='bbox 0 972 14 1036; x_wconf 57' lang='grc' dir='ltr'>ἶ</span> <span class='ocrx_word' id='word_1_70' title='bbox 66 1023 67 1026; x_wconf 18' lang='lat'>¹</span> <span class='ocrx_word' id='word_1_71' title='bbox 89 979 280 1046; x_wconf 69' lang='grc' dir='ltr'><strong><em>πρῶτα</em></strong></span> <span class='ocrx_word' id='word_1_72' title='bbox 295 973 450 1045; x_wconf 87' lang='grc' dir='ltr'><strong><em>μέρει</em></strong></span> <span class='ocrx_word' id='word_1_73' title='bbox 471 973 790 1041; x_wconf 78' lang='grc' dir='ltr'><strong><em>συνεμάχει,</em></strong></span> <span class='ocrx_word' id='word_1_74' title='bbox 825 973 1189 1026; x_wconf 90' lang='grc' dir='ltr'><strong><em>παντάπασιν</em></strong></span> <span class='ocrx_word' id='word_1_75' title='bbox 1213 973 1592 1026; x_wconf 73' lang='grc' dir='ltr'><strong><em>ἐνθουσιῶντι</em></strong></span> <span class='ocrx_word' id='word_1_76' title='bbox 1611 985 1791 1038; x_wconf 86' lang='grc' dir='ltr'><strong><em>προσ-</em></strong></span> 
     </span>
     <span class='ocr_line' id='line_1_11' title="bbox 67 1047 1790 1129; baseline -0.004 -13"><span class='ocrx_word' id='word_1_77' title='bbox 67 1047 312 1129; x_wconf 54' lang='grc' dir='ltr'><strong><em>εοικώς,</em></strong></span> <span class='ocrx_word' id='word_1_78' title='bbox 350 1055 487 1128; x_wconf 63' lang='grc' dir='ltr'><strong><em>ᾗδὲ</em></strong></span> <span class='ocrx_word' id='word_1_79' title='bbox 521 1057 596 1122; x_wconf 79' lang='grc' dir='ltr'><strong><em>ὠς</em></strong></span> <span class='ocrx_word' id='word_1_80' title='bbox 632 1058 1030 1126; x_wconf 89' lang='grc' dir='ltr'><strong><em>συνερρωγότα</em></strong></span> <span class='ocrx_word' id='word_1_81' title='bbox 1057 1056 1160 1111; x_wconf 88' lang='grc' dir='ltr'><strong><em>τὸν</em></strong></span> <span class='ocrx_word' id='word_1_82' title='bbox 1186 1057 1434 1126; x_wconf 89' lang='grc' dir='ltr'><strong><em>πόλεμον</em></strong></span> <span class='ocrx_word' id='word_1_83' title='bbox 1470 1054 1640 1124; x_wconf 82' lang='grc' dir='ltr'><strong><em>εἶδεν,</em></strong></span> <span class='ocrx_word' id='word_1_84' title='bbox 1682 1055 1790 1110; x_wconf 88' lang='grc' dir='ltr'><strong><em>ἀπὸ</em></strong></span> 
     </span>
     <span class='ocr_line' id='line_1_12' title="bbox 88 1141 1791 1216; baseline -0.004 -15"><span class='ocrx_word' id='word_1_85' title='bbox 88 1150 184 1216; x_wconf 84' lang='grc' dir='ltr'><strong><em>τῆς</em></strong></span> <span class='ocrx_word' id='word_1_86' title='bbox 208 1142 635 1208; x_wconf 9' lang='grc' dir='ltr'><strong><em>νεώςλέτόξευεν</em></strong></span> <span class='ocrx_word' id='word_1_87' title='bbox 663 1141 915 1196; x_wconf 81' lang='grc' dir='ltr'><strong><em>εὕσκοπά</em></strong></span> <span class='ocrx_word' id='word_1_88' title='bbox 939 1163 998 1196; x_wconf 86' lang='grc' dir='ltr'><strong><em>τε</em></strong></span> <span class='ocrx_word' id='word_1_89' title='bbox 1025 1143 1116 1195; x_wconf 84' lang='grc' dir='ltr'><strong><em>καὶ</em></strong></span> <span class='ocrx_word' id='word_1_90' title='bbox 1143 1142 1325 1211; x_wconf 92' lang='grc' dir='ltr'><strong><em>μόνου</em></strong></span> <span class='ocrx_word' id='word_1_91' title='bbox 1352 1146 1454 1196; x_wconf 83' lang='grc' dir='ltr'><strong><em>τοῦ</em></strong></span> <span class='ocrx_word' id='word_1_92' title='bbox 1472 1144 1791 1211; x_wconf 77' lang='grc' dir='ltr'><strong><em>Θεαγένους</em></strong></span> 
     </span>
     <span class='ocr_line' id='line_1_13' title="bbox 89 1225 1788 1300; baseline -0.003 -16"><span class='ocrx_word' id='word_1_93' title='bbox 89 1230 413 1300; x_wconf 88' lang='grc' dir='ltr'><strong><em>φειδόμενα.</em></strong></span> <span class='ocrx_word' id='word_1_94' title='bbox 479 1227 573 1282; x_wconf 89' lang='grc' dir='ltr'><strong><em>καὶ</em></strong></span> <span class='ocrx_word' id='word_1_95' title='bbox 611 1230 849 1297; x_wconf 82' lang='grc' dir='ltr'><strong><em>ἔβαλλεν</em></strong></span> <span class='ocrx_word' id='word_1_96' title='bbox 886 1226 954 1280; x_wconf 81' lang='grc' dir='ltr'><strong><em>οὐ</em></strong></span> <span class='ocrx_word' id='word_1_97' title='bbox 992 1225 1126 1281; x_wconf 86' lang='grc' dir='ltr'><strong><em>καθ’</em></strong></span> <span class='ocrx_word' id='word_1_98' title='bbox 1155 1228 1217 1281; x_wconf 77' lang='grc' dir='ltr'><strong><em>ἓν</em></strong></span> <span class='ocrx_word' id='word_1_99' title='bbox 1255 1230 1353 1297; x_wconf 84' lang='grc' dir='ltr'><strong><em>τῆς</em></strong></span> <span class='ocrx_word' id='word_1_100' title='bbox 1390 1228 1566 1297; x_wconf 87' lang='grc' dir='ltr'><strong><em>μάχης</em></strong></span> <span class='ocrx_word' id='word_1_101' title='bbox 1603 1225 1788 1297; x_wconf 86' lang='grc' dir='ltr'><strong><em>μέρος,</em></strong></span> 
     </span>
     <span class='ocr_line' id='line_1_14' title="bbox 83 1310 1791 1381; baseline -0.004 -11"><span class='ocrx_word' id='word_1_102' title='bbox 83 1313 211 1370; x_wconf 82' lang='grc' dir='ltr'><strong><em>ἀλλ’</em></strong></span> <span class='ocrx_word' id='word_1_103' title='bbox 242 1313 438 1369; x_wconf 80' lang='grc' dir='ltr'><strong><em>ὅντινα</em></strong></span> <span class='ocrx_word' id='word_1_104' title='bbox 474 1317 702 1380; x_wconf 76' lang='grc' dir='ltr'><strong><em>πρῶτον</em></strong></span> <span class='ocrx_word' id='word_1_105' title='bbox 739 1315 869 1380; x_wconf 84' lang='grc' dir='ltr'><strong><em>ἴδοι,</em></strong></span> <span class='ocrx_word' id='word_1_106' title='bbox 910 1317 1114 1365; x_wconf 85' lang='grc' dir='ltr'><strong><em>τοῦτον</em></strong></span> <span class='ocrx_word' id='word_1_107' title='bbox 1139 1310 1468 1380; x_wconf 83' lang='grc' dir='ltr'><strong><em>ἀνήλισκεν,</em></strong></span> <span class='ocrx_word' id='word_1_108' title='bbox 1510 1310 1650 1381; x_wconf 83' lang='grc' dir='ltr'><strong><em>αὐτὴ</em></strong></span> <span class='ocrx_word' id='word_1_109' title='bbox 1686 1312 1791 1381; x_wconf 80' lang='grc' dir='ltr'><strong><em>μὲν</em></strong></span> 
     </span>
     <span class='ocr_line' id='line_1_15' title="bbox 86 1395 1791 1471; baseline -0.003 -17"><span class='ocrx_word' id='word_1_110' title='bbox 86 1398 190 1471; x_wconf 81' lang='grc' dir='ltr'><strong><em>οὐχ</em></strong></span> <span class='ocrx_word' id='word_1_111' title='bbox 240 1396 522 1468; x_wconf 86' lang='grc' dir='ltr'><strong><em>ὁρωμένη,</em></strong></span> <span class='ocrx_word' id='word_1_112' title='bbox 574 1395 716 1451; x_wconf 86' lang='grc' dir='ltr'><strong><em>ἀλλά</em></strong></span> <span class='ocrx_word' id='word_1_113' title='bbox 767 1398 971 1468; x_wconf 80' lang='grc' dir='ltr'><strong><em>ῥᾳδίως</em></strong></span> <span class='ocrx_word' id='word_1_114' title='bbox 1010 1398 1150 1463; x_wconf 86' lang='grc' dir='ltr'><strong><em>πρὸς</em></strong></span> <span class='ocrx_word' id='word_1_115' title='bbox 1188 1397 1294 1466; x_wconf 80' lang='grc' dir='ltr'><strong><em>τὴν</em></strong></span> <span class='ocrx_word' id='word_1_116' title='bbox 1333 1395 1621 1466; x_wconf 74' lang='grc' dir='ltr'><strong><em>πυρκαϊάν</em></strong></span> <span class='ocrx_word' id='word_1_117' title='bbox 1659 1395 1791 1459; x_wconf 81' lang='grc' dir='ltr'><strong><em>τοὺς</em></strong></span> 
     </span>
     <span class='ocr_line' id='line_1_16' title="bbox 21 1479 1789 1551; baseline 0 -17"><span class='ocrx_word' id='word_1_118' title='bbox 21 1510 24 1534; x_wconf 75' lang='lat'>1</span> <span class='ocrx_word' id='word_1_119' title='bbox 90 1485 383 1547; x_wconf 82' lang='grc' dir='ltr'><strong><em>ἐναντίους</em></strong></span> <span class='ocrx_word' id='word_1_120' title='bbox 402 1483 846 1547; x_wconf 90' lang='grc' dir='ltr'><strong><em>κατοπτεύουσα,</em></strong></span> <span class='ocrx_word' id='word_1_121' title='bbox 875 1488 990 1535; x_wconf 75' lang='grc' dir='ltr'><strong><em>τῶν</em></strong></span> <span class='ocrx_word' id='word_1_122' title='bbox 1017 1482 1078 1535; x_wconf 79' lang='grc' dir='ltr'><strong><em>δὲ</em></strong></span> <span class='ocrx_word' id='word_1_123' title='bbox 1107 1479 1474 1550; x_wconf 77' lang='grc' dir='ltr'><strong><em>ἀγνοούντων</em></strong></span> <span class='ocrx_word' id='word_1_124' title='bbox 1501 1480 1562 1535; x_wconf 86' lang='grc' dir='ltr'><strong><em>τὸ</em></strong></span> <span class='ocrx_word' id='word_1_125' title='bbox 1590 1482 1789 1551; x_wconf 88' lang='grc' dir='ltr'><strong><em>κακόν,</em></strong></span> 
     </span>
     <span class='ocr_line' id='line_1_17' title="bbox 88 1562 1789 1637; baseline -0.002 -13.197"><span class='ocrx_word' id='word_1_126' title='bbox 88 1569 181 1624; x_wconf 84' lang='grc' dir='ltr'><strong><em>καὶ</em></strong></span> <span class='ocrx_word' id='word_1_127' title='bbox 220 1572 547 1637; x_wconf 87' lang='grc' dir='ltr'><strong><em>δαιμονίους</em></strong></span> <span class='ocrx_word' id='word_1_128' title='bbox 587 1562 731 1619; x_wconf 80' lang='grc' dir='ltr'><strong><em>εἶναι</em></strong></span> <span class='ocrx_word' id='word_1_129' title='bbox 768 1565 867 1628; x_wconf 83' lang='grc' dir='ltr'><strong><em>τάς</em></strong></span> <span class='ocrx_word' id='word_1_130' title='bbox 903 1564 1118 1636; x_wconf 79' lang='grc' dir='ltr'><strong><em>πληγὰς</em></strong></span> <span class='ocrx_word' id='word_1_131' title='bbox 1157 1566 1326 1620; x_wconf 83' lang='grc' dir='ltr'><strong><em>ἐνίων</em></strong></span> <span class='ocrx_word' id='word_1_132' title='bbox 1361 1562 1789 1636; x_wconf 80' lang='grc' dir='ltr'><strong><em>ὑπονοούντων,</em></strong></span> 
     </span>
     <span class='ocr_line' id='line_1_18' title="bbox 88 1649 1790 1757; baseline -0.001 -49.098"><span class='ocrx_word' id='word_1_133' title='bbox 88 1655 191 1717; x_wconf 80' lang='grc' dir='ltr'><strong><em>ἕως</em></strong></span> <span class='ocrx_word' id='word_1_134' title='bbox 215 1673 330 1706; x_wconf 90' lang='grc' dir='ltr'><strong><em>των</em></strong></span> <span class='ocrx_word' id='word_1_135' title='bbox 357 1651 547 1705; x_wconf 79' lang='grc' dir='ltr'><strong><em>ἄλλων</em></strong></span> <span class='ocrx_word' id='word_1_136' title='bbox 575 1650 867 1704; x_wconf 88' lang='grc' dir='ltr'><strong><em>πεσόντων</em></strong></span> <span class='ocrx_word' id='word_1_137' title='bbox 891 1652 1066 1719; x_wconf 90' lang='grc' dir='ltr'><strong><em>μόνος</em></strong></span> <span class='ocrx_word' id='word_1_138' title='bbox 1094 1650 1122 1704; x_wconf 92' lang='lat'><em>6</em></span> <span class='ocrx_word' id='word_1_139' title='bbox 1155 1654 1436 1733; x_wconf 79' lang='grc' dir='ltr'><strong><em>Θεαγένης</em></strong></span> <span class='ocrx_word' id='word_1_140' title='bbox 1467 1649 1790 1757; x_wconf 84' lang='grc' dir='ltr'><strong><em>υπελείφθη</em></strong></span> 
     </span>
     <span class='ocr_line' id='line_1_19' title="bbox 86 1732 1791 1812; baseline -0.001 -20.096"><span class='ocrx_word' id='word_1_141' title='bbox 86 1757 162 1810; x_wconf 90' lang='grc' dir='ltr'><strong><em>τω</em></strong></span> <span class='ocrx_word' id='word_1_142' title='bbox 190 1738 443 1812; x_wconf 63' lang='lat' dir='ltr'><strong><em>Hellcn&#39;gm</em></strong></span> <span class='ocrx_word' id='word_1_143' title='bbox 479 1755 832 1806; x_wconf 78' lang='grc' dir='ltr'><strong><em>μονομάχων,</em></strong></span> <span class='ocrx_word' id='word_1_144' title='bbox 874 1732 1043 1805; x_wconf 91' lang='grc' dir='ltr'><strong><em>ανδρι</em></strong></span> <span class='ocrx_word' id='word_1_145' title='bbox 1081 1734 1148 1789; x_wconf 82' lang='grc' dir='ltr'><strong><em>τά</em></strong></span> <span class='ocrx_word' id='word_1_146' title='bbox 1188 1736 1376 1791; x_wconf 91' lang='grc' dir='ltr'><strong><em>πάντα</em></strong></span> <span class='ocrx_word' id='word_1_147' title='bbox 1413 1739 1658 1809; x_wconf 89' lang='grc' dir='ltr'><strong><em>γενναίω</em></strong></span> <span class='ocrx_word' id='word_1_148' title='bbox 1696 1737 1791 1790; x_wconf 87' lang='grc' dir='ltr'><strong><em>καὶ</em></strong></span> 
     </span>
     <span class='ocr_line' id='line_1_20' title="bbox 88 1819 1791 1893; baseline -0.001 -16.098"><span class='ocrx_word' id='word_1_149' title='bbox 88 1824 286 1893; x_wconf 89' lang='grc' dir='ltr'><strong><em>φόνοις</em></strong></span> <span class='ocrx_word' id='word_1_150' title='bbox 324 1821 828 1891; x_wconf 79' lang='grc' dir='ltr'><strong><em>ἐγγεγυμνασμένςο</em></strong></span> <span class='ocrx_word' id='word_1_151' title='bbox 866 1821 1241 1890; x_wconf 85' lang='grc' dir='ltr'><strong><em>παμπόλλοις,</em></strong></span> <span class='ocrx_word' id='word_1_152' title='bbox 1292 1822 1465 1877; x_wconf 86' lang='grc' dir='ltr'><strong><em>ούδεν</em></strong></span> <span class='ocrx_word' id='word_1_153' title='bbox 1513 1819 1646 1876; x_wconf 80' lang='grc' dir='ltr'><strong><em>οὐδὲ</em></strong></span> <span class='ocrx_word' id='word_1_154' title='bbox 1694 1825 1791 1892; x_wconf 85' lang='grc' dir='ltr'><strong><em>τῆς</em></strong></span> 
     </span>
     <span class='ocr_line' id='line_1_21' title="bbox 0 1905 1790 1978; baseline -0.001 -16"><span class='ocrx_word' id='word_1_155' title='bbox 0 1915 60 1962; x_wconf 71' lang='grc' dir='ltr'><strong><em>ἰιιο</em></strong></span> <span class='ocrx_word' id='word_1_156' title='bbox 89 1910 429 1977; x_wconf 87' lang='grc' dir='ltr'><strong><em>Χαρικλείου</em></strong></span> <span class='ocrx_word' id='word_1_157' title='bbox 455 1906 668 1970; x_wconf 82' lang='grc' dir='ltr'><strong><em>τοξείας</em></strong></span> <span class='ocrx_word' id='word_1_158' title='bbox 696 1905 1012 1975; x_wconf 84' lang='grc' dir='ltr'><strong><em>ἐπαμύνειν</em></strong></span> <span class='ocrx_word' id='word_1_159' title='bbox 1046 1909 1125 1959; x_wconf 83' lang='grc' dir='ltr'><strong><em>ἔτι</em></strong></span> <span class='ocrx_word' id='word_1_160' title='bbox 1162 1908 1507 1978; x_wconf 86' lang='grc' dir='ltr'><strong><em>δυναμένης,</em></strong></span> <span class='ocrx_word' id='word_1_161' title='bbox 1545 1906 1790 1962; x_wconf 88' lang='grc' dir='ltr'><strong><em>ωδινού-</em></strong></span> 
     </span>
     <span class='ocr_line' id='line_1_22' title="bbox 0 1988 1789 2063; baseline -0.002 -15"><span class='ocrx_word' id='word_1_162' title='bbox 0 2030 2 2032; x_wconf 96' lang='grc'>-</span> <span class='ocrx_word' id='word_1_163' title='bbox 88 2008 188 2062; x_wconf 89' lang='grc' dir='ltr'><strong><em>σης</em></strong></span> <span class='ocrx_word' id='word_1_164' title='bbox 210 1993 314 2062; x_wconf 78' lang='grc' dir='ltr'><strong><em>μὲν</em></strong></span> <span class='ocrx_word' id='word_1_165' title='bbox 341 1993 419 2054; x_wconf 81' lang='grc' dir='ltr'><strong><em>εἰς</em></strong></span> <span class='ocrx_word' id='word_1_166' title='bbox 442 1988 546 2060; x_wconf 84' lang='grc' dir='ltr'><strong><em>τὴν</em></strong></span> <span class='ocrx_word' id='word_1_167' title='bbox 571 1992 868 2060; x_wconf 86' lang='grc' dir='ltr'><strong><em>βοήθειαν,</em></strong></span> <span class='ocrx_word' id='word_1_168' title='bbox 909 1991 1229 2055; x_wconf 86' lang='grc' dir='ltr'><strong><em>δεδοικυίας</em></strong></span> <span class='ocrx_word' id='word_1_169' title='bbox 1256 1994 1317 2048; x_wconf 89' lang='grc' dir='ltr'><strong><em>δε</em></strong></span> <span class='ocrx_word' id='word_1_170' title='bbox 1343 2014 1449 2063; x_wconf 91' lang='grc' dir='ltr'><strong><em>την</em></strong></span> <span class='ocrx_word' id='word_1_171' title='bbox 1477 1992 1789 2061; x_wconf 78' lang='grc' dir='ltr'><strong><em>ἀποτυχίαν</em></strong></span> 
     </span>
    </p>

    <p class='ocr_par' dir='ltr' id='par_1_3' title="bbox 0 2073 1847 2994">
     <span class='ocr_line' id='line_1_23' title="bbox 87 2073 1786 2147; baseline 0.001 -16"><span class='ocrx_word' id='word_1_172' title='bbox 87 2075 453 2146; x_wconf 80' lang='grc' dir='ltr'><strong><em>αὐτοσχεδίου</em></strong></span> <span class='ocrx_word' id='word_1_173' title='bbox 495 2076 588 2129; x_wconf 86' lang='grc' dir='ltr'><strong><em>καὶ</em></strong></span> <span class='ocrx_word' id='word_1_174' title='bbox 625 2076 689 2129; x_wconf 84' lang='grc' dir='ltr'><strong><em>έν</em></strong></span> <span class='ocrx_word' id='word_1_175' title='bbox 714 2073 869 2144; x_wconf 81' lang='grc' dir='ltr'><strong><em>χερσὶ</em></strong></span> <span class='ocrx_word' id='word_1_176' title='bbox 895 2081 993 2144; x_wconf 87' lang='grc' dir='ltr'><strong><em>τῆς</em></strong></span> <span class='ocrx_word' id='word_1_177' title='bbox 1017 2077 1193 2147; x_wconf 88' lang='grc' dir='ltr'><strong><em>μάχης</em></strong></span> <span class='ocrx_word' id='word_1_178' title='bbox 1221 2075 1413 2142; x_wconf 84' lang='grc' dir='ltr'><strong><em>αὐτοῖς</em></strong></span> <span class='ocrx_word' id='word_1_179' title='bbox 1439 2076 1786 2147; x_wconf 85' lang='grc' dir='ltr'><strong><em>ωθουμένης.</em></strong></span> 
     </span>
     <span class='ocr_line' id='line_1_24' title="bbox 0 2159 1847 2232; baseline -0.001 -15"><span class='ocrx_word' id='word_1_180' title='bbox 0 2175 6 2230; x_wconf 61' lang='lat' dir='ltr'>ss</span> <span class='ocrx_word' id='word_1_181' title='bbox 37 2204 50 2223; x_wconf 69' lang='grc'><strong><em>,.,</em></strong></span> <span class='ocrx_word' id='word_1_182' title='bbox 88 2161 158 2217; x_wconf 82' lang='grc' dir='ltr'><strong><em>οὐ</em></strong></span> <span class='ocrx_word' id='word_1_183' title='bbox 182 2161 292 2232; x_wconf 82' lang='grc' dir='ltr'><strong><em>μὴν</em></strong></span> <span class='ocrx_word' id='word_1_184' title='bbox 318 2163 397 2224; x_wconf 85' lang='grc' dir='ltr'><strong><em>εἰς</em></strong></span> <span class='ocrx_word' id='word_1_185' title='bbox 421 2163 576 2224; x_wconf 88' lang='grc' dir='ltr'><strong><em>τέλος</em></strong></span> <span class='ocrx_word' id='word_1_186' title='bbox 601 2180 664 2229; x_wconf 88' lang='grc' dir='ltr'><strong><em>γε</em></strong></span> <span class='ocrx_word' id='word_1_187' title='bbox 691 2159 959 2229; x_wconf 86' lang='grc' dir='ltr'><strong><em>ἀντέσχεν</em></strong></span> <span class='ocrx_word' id='word_1_188' title='bbox 985 2159 1014 2215; x_wconf 97' lang='lat'><em>6</em></span> <span class='ocrx_word' id='word_1_189' title='bbox 1043 2164 1328 2231; x_wconf 90' lang='grc' dir='ltr'><strong><em>Πέλωρος.</em></strong></span> <span class='ocrx_word' id='word_1_190' title='bbox 1395 2184 1470 2226; x_wconf 90' lang='grc' dir='ltr'><strong><em>ως</em></strong></span> <span class='ocrx_word' id='word_1_191' title='bbox 1504 2162 1613 2232; x_wconf 85' lang='grc' dir='ltr'><strong><em>γάρ</em></strong></span> <span class='ocrx_word' id='word_1_192' title='bbox 1642 2161 1777 2216; x_wconf 81' lang='grc' dir='ltr'><strong><em>ἀπο·</em></strong></span> <span class='ocrx_word' id='word_1_193' title='bbox 1844 2188 1847 2190; x_wconf 90' lang='grc'><em>·</em></span> 
     </span>
     <span class='ocr_line' id='line_1_25' title="bbox 90 2242 1788 2322; baseline 0 -22"><span class='ocrx_word' id='word_1_194' title='bbox 90 2250 264 2317; x_wconf 86' lang='grc' dir='ltr'><strong><em>ροῦσα</em></strong></span> <span class='ocrx_word' id='word_1_195' title='bbox 291 2245 432 2315; x_wconf 85' lang='grc' dir='ltr'><strong><em>πρὸς</em></strong></span> <span class='ocrx_word' id='word_1_196' title='bbox 456 2245 560 2315; x_wconf 83' lang='grc' dir='ltr'><strong><em>τήν</em></strong></span> <span class='ocrx_word' id='word_1_197' title='bbox 588 2242 825 2313; x_wconf 15' lang='grc' dir='ltr'><strong><em>ε’ἢρχγὺν</em></strong></span> <span class='ocrx_word' id='word_1_198' title='bbox 851 2250 1184 2316; x_wconf 58' lang='grc' dir='ltr'><strong><em>συμμαχίανὶ</em></strong></span> <span class='ocrx_word' id='word_1_199' title='bbox 1208 2247 1240 2317; x_wconf 84' lang='grc' dir='ltr'><em>ἡ</em></span> <span class='ocrx_word' id='word_1_200' title='bbox 1268 2253 1578 2322; x_wconf 59' lang='grc' dir='ltr'><strong><em>Δζαρίκλεια</em></strong></span> <span class='ocrx_word' id='word_1_201' title='bbox 1616 2250 1788 2316; x_wconf 64' lang='grc' dir='ltr'><strong><em>λόγον</em></strong></span> 
     </span>
     <span class='ocr_line' id='line_1_26' title="bbox 95 2330 1788 2403; baseline 0.001 -18"><span class='ocrx_word' id='word_1_202' title='bbox 95 2330 398 2399; x_wconf 82' lang='grc' dir='ltr'><strong><em>ἐπίκουρον</em></strong></span> <span class='ocrx_word' id='word_1_203' title='bbox 417 2335 492 2403; x_wconf 76' lang='grc' dir='ltr'><strong><em>τῷ</em></strong></span> <span class='ocrx_word' id='word_1_204' title='bbox 509 2330 777 2398; x_wconf 84' lang='grc' dir='ltr'><strong><em>Θεαγένει</em></strong></span> <span class='ocrx_word' id='word_1_205' title='bbox 799 2331 1172 2400; x_wconf 83' lang='grc' dir='ltr'><strong><em>διετόξευσεν,</em></strong></span> <span class='ocrx_word' id='word_1_206' title='bbox 1187 2331 1492 2402; x_wconf 82' lang='grc' dir='ltr'><strong><em>“ἀνδρίζου</em></strong></span> <span class='ocrx_word' id='word_1_207' title='bbox 1515 2336 1788 2403; x_wconf 87' lang='grc' dir='ltr'><strong><em>φίλτατε”</em></strong></span> 
     </span>
     <span class='ocr_line' id='line_1_27' title="bbox 50 2412 1791 2494; baseline -0.001 -23"><span class='ocrx_word' id='word_1_208' title='bbox 50 2431 62 2494; x_wconf 49' lang='lat'>3</span> <span class='ocrx_word' id='word_1_209' title='bbox 94 2417 435 2486; x_wconf 82' lang='grc' dir='ltr'><strong><em>ἐμβοήσασα,</em></strong></span> <span class='ocrx_word' id='word_1_210' title='bbox 469 2417 722 2470; x_wconf 86' lang='grc' dir='ltr'><strong><em>ἐνταῦθα</em></strong></span> <span class='ocrx_word' id='word_1_211' title='bbox 740 2412 847 2483; x_wconf 86' lang='grc' dir='ltr'><strong><em>ἤδη</em></strong></span> <span class='ocrx_word' id='word_1_212' title='bbox 867 2420 1062 2487; x_wconf 80' lang='grc' dir='ltr'><strong><em>μακρῷ</em></strong></span> <span class='ocrx_word' id='word_1_213' title='bbox 1079 2414 1179 2470; x_wconf 84' lang='grc' dir='ltr'><strong><em>τὸν</em></strong></span> <span class='ocrx_word' id='word_1_214' title='bbox 1192 2421 1467 2486; x_wconf 90' lang='grc' dir='ltr'><strong><em>Πέλωρον</em></strong></span> <span class='ocrx_word' id='word_1_215' title='bbox 1493 2415 1791 2488; x_wconf 80' lang='grc' dir='ltr'><strong><em>ὑπερεῖχεν</em></strong></span> 
     </span>
     <span class='ocr_line' id='line_1_28' title="bbox 68 2495 1792 2574; baseline 0.001 -22"><span class='ocrx_word' id='word_1_216' title='bbox 68 2528 70 2530; x_wconf 31' lang='lat' dir='ltr'>v</span> <span class='ocrx_word' id='word_1_217' title='bbox 92 2495 123 2552; x_wconf 87' lang='lat'><em>6</em></span> <span class='ocrx_word' id='word_1_218' title='bbox 148 2501 456 2570; x_wconf 82' lang='grc' dir='ltr'><strong><em>Θεαγένης,</em></strong></span> <span class='ocrx_word' id='word_1_219' title='bbox 497 2498 686 2568; x_wconf 78' lang='grc' dir='ltr'><strong><em>ὥσπερ</em></strong></span> <span class='ocrx_word' id='word_1_220' title='bbox 726 2498 909 2567; x_wconf 77' lang='grc' dir='ltr'><strong><em>ἰσχὺν·</em></strong></span> <span class='ocrx_word' id='word_1_221' title='bbox 926 2499 1078 2573; x_wconf 76' lang='grc' dir='ltr'><strong><em>αὐτῷ</em></strong></span> <span class='ocrx_word' id='word_1_222' title='bbox 1115 2503 1208 2555; x_wconf 85' lang='grc' dir='ltr'><strong><em>καὶ</em></strong></span> <span class='ocrx_word' id='word_1_223' title='bbox 1234 2503 1450 2570; x_wconf 85' lang='grc' dir='ltr'><strong><em>θάρσος</em></strong></span> <span class='ocrx_word' id='word_1_224' title='bbox 1475 2507 1572 2573; x_wconf 85' lang='grc' dir='ltr'><strong><em>τῆς</em></strong></span> <span class='ocrx_word' id='word_1_225' title='bbox 1599 2507 1792 2574; x_wconf 85' lang='grc' dir='ltr'><strong><em>φωνῆς</em></strong></span> 
     </span>
     <span class='ocr_line' id='line_1_29' title="bbox 70 2577 1792 2657; baseline 0.001 -19"><span class='ocrx_word' id='word_1_226' title='bbox 70 2583 496 2655; x_wconf 75' lang='grc' dir='ltr'><strong><em>’διακονούσης,</em></strong></span> <span class='ocrx_word' id='word_1_227' title='bbox 549 2583 642 2638; x_wconf 83' lang='grc' dir='ltr'><strong><em>καὶ</em></strong></span> <span class='ocrx_word' id='word_1_228' title='bbox 682 2581 765 2637; x_wconf 83' lang='grc' dir='ltr'><strong><em>ὅτι</em></strong></span> <span class='ocrx_word' id='word_1_229' title='bbox 802 2589 899 2654; x_wconf 85' lang='grc' dir='ltr'><strong><em>τῆς</em></strong></span> <span class='ocrx_word' id='word_1_230' title='bbox 930 2585 1110 2655; x_wconf 86' lang='grc' dir='ltr'><strong><em>μάχης</em></strong></span> <span class='ocrx_word' id='word_1_231' title='bbox 1147 2577 1497 2657; x_wconf 43' lang='grc' dir='ltr'><strong><em>περίεστικτό</em></strong></span> <span class='ocrx_word' id='word_1_232' title='bbox 1537 2591 1792 2641; x_wconf 82' lang='grc' dir='ltr'><strong><em>ἔπαθλον</em></strong></span> 
     </span>
     <span class='ocr_line' id='line_1_30' title="bbox 0 2665 1792 2743; baseline 0.001 -21"><span class='ocrx_word' id='word_1_233' title='bbox 0 2688 6 2715; x_wconf 74' lang='lat'><em>2</em></span> <span class='ocrx_word' id='word_1_234' title='bbox 37 2725 38 2730; x_wconf 65' lang='lat'>,</span> <span class='ocrx_word' id='word_1_235' title='bbox 92 2670 431 2739; x_wconf 85' lang='grc' dir='ltr'><strong><em>μηνυούσης.</em></strong></span> <span class='ocrx_word' id='word_1_236' title='bbox 499 2669 718 2738; x_wconf 86' lang='grc' dir='ltr'><strong><em>ἐγείρας</em></strong></span> <span class='ocrx_word' id='word_1_237' title='bbox 753 2665 861 2736; x_wconf 78' lang='grc' dir='ltr'><strong><em>γὰρ</em></strong></span> <span class='ocrx_word' id='word_1_238' title='bbox 900 2668 961 2722; x_wconf 90' lang='grc' dir='ltr'><strong><em>τὸ</em></strong></span> <span class='ocrx_word' id='word_1_239' title='bbox 998 2672 1260 2741; x_wconf 88' lang='grc' dir='ltr'><strong><em>φρόνημα</em></strong></span> <span class='ocrx_word' id='word_1_240' title='bbox 1287 2675 1518 2736; x_wconf 81' lang='grc' dir='ltr'><strong><em>πολλοῖς</em></strong></span> <span class='ocrx_word' id='word_1_241' title='bbox 1542 2672 1649 2743; x_wconf 85' lang='grc' dir='ltr'><strong><em>ἤδη</em></strong></span> <span class='ocrx_word' id='word_1_242' title='bbox 1677 2682 1792 2735; x_wconf 88' lang='grc' dir='ltr'><strong><em>τοῖς</em></strong></span> 
     </span>
     <span class='ocr_line' id='line_1_31' title="bbox 79 2753 1792 2828; baseline 0.001 -23"><span class='ocrx_word' id='word_1_243' title='bbox 79 2753 373 2823; x_wconf 56' lang='grc' dir='ltr'><strong><em>,τραύμασι</em></strong></span> <span class='ocrx_word' id='word_1_244' title='bbox 411 2753 805 2822; x_wconf 90' lang='grc' dir='ltr'><strong><em>πεπιεσμένον,</em></strong></span> <span class='ocrx_word' id='word_1_245' title='bbox 855 2753 1100 2822; x_wconf 83' lang='grc' dir='ltr'><strong><em>ἐφήλατό</em></strong></span> <span class='ocrx_word' id='word_1_246' title='bbox 1147 2776 1205 2809; x_wconf 92' lang='grc' dir='ltr'><strong><em>τε</em></strong></span> <span class='ocrx_word' id='word_1_247' title='bbox 1252 2759 1328 2827; x_wconf 79' lang='grc' dir='ltr'><strong><em>τῷ</em></strong></span> <span class='ocrx_word' id='word_1_248' title='bbox 1367 2759 1648 2828; x_wconf 76' lang='grc' dir='ltr'><strong><em>Πελώρῳ,</em></strong></span> <span class='ocrx_word' id='word_1_249' title='bbox 1697 2755 1792 2808; x_wconf 86' lang='grc' dir='ltr'><strong><em>καὶ</em></strong></span> 
     </span>
     <span class='ocr_line' id='line_1_32' title="bbox 82 2838 1788 2910; baseline 0.001 -20.001"><span class='ocrx_word' id='word_1_250' title='bbox 82 2838 161 2908; x_wconf 62' lang='grc' dir='ltr'><strong><em>τῇ</em></strong></span> <span class='ocrx_word' id='word_1_251' title='bbox 187 2841 407 2908; x_wconf 83' lang='grc' dir='ltr'><strong><em>κεφαλῇ</em></strong></span> <span class='ocrx_word' id='word_1_252' title='bbox 431 2839 494 2892; x_wconf 87' lang='grc' dir='ltr'><strong><em>τὸ</em></strong></span> <span class='ocrx_word' id='word_1_253' title='bbox 524 2838 860 2906; x_wconf 80' lang='grc' dir='ltr'><strong><em>ἐγχειρίδιον</em></strong></span> <span class='ocrx_word' id='word_1_254' title='bbox 892 2838 1179 2907; x_wconf 84' lang='grc' dir='ltr'><strong><em>ἐπιβαλων</em></strong></span> <span class='ocrx_word' id='word_1_255' title='bbox 1217 2845 1314 2908; x_wconf 90' lang='grc' dir='ltr'><strong><em>τῆς</em></strong></span> <span class='ocrx_word' id='word_1_256' title='bbox 1352 2842 1456 2910; x_wconf 78' lang='grc' dir='ltr'><strong><em>μὲν</em></strong></span> <span class='ocrx_word' id='word_1_257' title='bbox 1495 2839 1788 2908; x_wconf 88' lang='grc' dir='ltr'><strong><em>ἀπέτυχεν,</em></strong></span> 
     </span>
     <span class='ocr_line' id='line_1_33' title="bbox 0 2916 1790 2994; baseline -0.002 -16"><span class='ocrx_word' id='word_1_258' title='bbox 0 2949 7 2994; x_wconf 62' lang='lat'>5</span> <span class='ocrx_word' id='word_1_259' title='bbox 70 2916 78 2978; x_wconf 58' lang='lat' dir='ltr'>s</span> <span class='ocrx_word' id='word_1_260' title='bbox 98 2919 320 2976; x_wconf 75' lang='grc' dir='ltr'><strong><em>ἐκείνου</em></strong></span> <span class='ocrx_word' id='word_1_261' title='bbox 339 2921 542 2992; x_wconf 85' lang='grc' dir='ltr'><strong><em>μικρὸν</em></strong></span> <span class='ocrx_word' id='word_1_262' title='bbox 562 2920 990 2992; x_wconf 87' lang='grc' dir='ltr'><strong><em>ἀποκλίναντος,</em></strong></span> <span class='ocrx_word' id='word_1_263' title='bbox 1019 2923 1198 2992; x_wconf 88' lang='grc' dir='ltr'><strong><em>άκρον</em></strong></span> <span class='ocrx_word' id='word_1_264' title='bbox 1221 2926 1283 2980; x_wconf 88' lang='grc' dir='ltr'><strong><em>δε</em></strong></span> <span class='ocrx_word' id='word_1_265' title='bbox 1304 2926 1406 2979; x_wconf 87' lang='grc' dir='ltr'><strong><em>τὸν</em></strong></span> <span class='ocrx_word' id='word_1_266' title='bbox 1426 2944 1581 2992; x_wconf 90' lang='grc' dir='ltr'><strong><em>ωμον</em></strong></span> <span class='ocrx_word' id='word_1_267' title='bbox 1608 2942 1790 2991; x_wconf 91' lang='grc' dir='ltr'><strong><em>παρα-</em></strong></span> 
     </span>
    </p>
   </div>
   <div class='ocr_carea' id='block_1_3' title="bbox 0 519 81 1824">
    <p class='ocr_par' dir='ltr' id='par_1_4' title="bbox 0 519 81 1824">
     <span class='ocr_line' id='line_1_34' title="bbox 0 519 81 1824; baseline 0 0"><span class='ocrx_word' id='word_1_268' title='bbox 0 519 81 1824; x_wconf 95' lang='lat' dir='ltr'><strong><em> </em></strong></span> 
     </span>
    </p>
   </div>
   <div class='ocr_carea' id='block_1_4' title="bbox 29 2334 94 2946">
    <p class='ocr_par' dir='ltr' id='par_1_5' title="bbox 29 2334 94 2946">
     <span class='ocr_line' id='line_1_35' title="bbox 29 2334 86 2613; baseline 0 -174"><span class='ocrx_word' id='word_1_269' title='bbox 29 2334 86 2613; x_wconf 95' lang='lat' dir='ltr'><strong><em>   </em></strong></span> 
     </span>
     <span class='ocr_line' id='line_1_36' title="bbox 32 2613 94 2946; baseline 0 -252"><span class='ocrx_word' id='word_1_270' title='bbox 32 2613 94 2946; x_wconf 95' lang='lat' dir='ltr'><strong><em>     </em></strong></span> 
     </span>
    </p>
   </div>
  </div>
 </body>
</html>
