1916 3132
739 112 1117 160 AEYTEPON
1702 108 1768 160 47

72 251 147 309 ἂν
173 259 308 316 ἴσως
333 253 550 323 δεήσειε
587 249 910 319 φράζοντος.
968 247 1094 302 ἀλλ’
1125 250 1176 301 ει’
1209 249 1382 314 δοκεῖ,
1409 240 1771 337 ,ἕξὶμζδᾴῃζῃ
1794 247 1858 299 10

57 312 308 424 &apag
331 345 449 400 τοῖς
474 336 727 404 στέρνοις
753 328 926 404 αὐτῆς
962 331 1301 402 εὑρήκαμεν,
1346 331 1766 399 ἐπισκοπῶμεν·

74 420 223 487 εἰκός
258 442 311 475 τι
349 422 524 475 πλέον
565 419 839 473 ἐντεῦθεν
875 415 1020 488 ἡμᾶς
1063 416 1356 485 ἐκμαθεῖν.

182 505 365 560 ἐδόκει
402 509 614 572 ταῦτα,
663 502 756 557 καὶ
795 501 1080 566 διανοίξας
1121 503 1414 572 ἐπήρχετο·
1466 499 1559 553 καὶ
1596 491 1669 569 ἧν
1707 499 1772 552 τὰ

12 611 44 644 ,ι
72 591 431 662 γεγραμμένα
468 589 674 642 τοιάδε.

178 692 405 754 Κνήμωνι
462 695 526 754 τῷ
575 688 776 751 δεσπότῃ
827 687 855 749 ἡ
907 693 1101 748 πολεμία
1151 689 1230 734 καὶ
1281 685 1554 747 ἐπαμύνασα
1604 690 1767 749 Θίσβη.

3 819 5 823 ,
71 768 230 823 πρῶτα
262 764 344 824 μὲν
378 760 728 822 εῦαγγελίζομαί
758 778 806 807 σε
842 758 928 820 τὴν
964 761 1255 820 Δημαινέτης
1288 757 1520 817 τελευτήν,
1562 755 1631 803 δι’
1660 756 1772 818 ἐμοῦ

0 831 3 840 ’
71 835 153 896 μὲν
176 832 290 895 ὑπὲρ
317 838 400 881 σοῦ
426 833 691 893 γενομένην,
728 828 780 878 τὸ
809 830 858 877 δὲ
890 828 1035 890 ὅπως,
1069 835 1119 878 εἴ
1144 849 1198 889 με
1233 831 1523 888 προσδέξαιο,
1560 833 1773 887 παροῦσα

72 906 368 966 διηγήσομαι.
421 906 579 951 ἔπειτα
613 903 771 962 φράζω
807 901 925 949 κατὰ
961 900 1099 961 τήνδε
1134 920 1187 960 με
1224 901 1332 946 νυνὶ
1369 901 1489 947 εἶναι
1515 898 1601 959 τὴν
1628 904 1773 958 νῆσον

2 984 45 1020 10
74 970 275 1037 δεκάτην
310 974 401 1037 ἤδη
434 973 610 1033 ταύτην
646 972 833 1034 ἡμέραν,
864 970 980 1031 πρός
1014 991 1140 1026 τινος
1174 976 1267 1018 τῶν
1292 975 1403 1033 τῇδε
1428 974 1607 1032 λῃστῶν
1635 969 1773 1017 ἀλοῦ-

73 1066 183 1109 σαν,
230 1045 281 1101 ὃς
315 1047 395 1094 καὶ
433 1043 727 1105 ὑπασπιστὴς
763 1044 883 1090 εἶναι
919 1048 1000 1091 τοῦ
1038 1041 1293 1105 λῃστάρχου
1328 1041 1611 1102 θρύπτεται,
1658 1038 1772 1100 κάμὲ

74 1124 375 1170 κατακλείσας
411 1117 525 1176 ἔχει,
569 1116 682 1174 μηδὲ
724 1111 837 1161 ὅσον
871 1113 1114 1174 προκύψαι
1158 1118 1252 1160 τῶν
1294 1118 1459 1173 θυρῶν
1501 1111 1770 1171 ἐπιτρέπων,

75 1188 137 1244 ῶς
171 1190 252 1250 μὲν
288 1185 429 1240 αὐτός
468 1203 600 1246 φησι,
636 1184 716 1232 διὰ
752 1191 911 1244 φιλίαν
936 1184 1022 1245 τὴν
1048 1186 1152 1244 περὶ
1180 1183 1253 1244 ἐμὲ
1277 1179 1452 1244 ταύτην
1478 1182 1661 1236 ἐπιθεὶς
1685 1181 1773 1243 τὴν

73 1265 309 1320 τιμωρίαν,
357 1257 419 1311 ὡς
463 1256 512 1303 δὲ
556 1257 640 1315 ἔχω
684 1255 975 1317 συμβάλλειν,
1019 1253 1348 1315 άφαιρεθῆναί
1385 1274 1439 1314 με
1484 1253 1600 1311 πρός
1645 1272 1771 1306 τινος

6 1338 47 1372 15
75 1330 254 1385 δεδιώς.
307 1326 407 1376 ἀλλ’
434 1326 523 1388 ἐγώ
557 1344 605 1374 σε
639 1331 769 1374 θεῶν
804 1325 931 1379 τινὸς
966 1325 1181 1379 ἐνδόντος
1219 1327 1300 1371 καὶ
1343 1326 1471 1372 εἶδον
1509 1320 1543 1372 ῶ
1573 1327 1771 1371 δέσποτα

75 1401 306 1461 παριόντα
342 1402 427 1447 καὶ
462 1397 706 1458 ἐγνώρισα,
742 1399 821 1444 καὶ
847 1397 986 1457 τήνδε
1012 1415 1083 1444 σοι
1111 1397 1197 1457 τὴν
1224 1398 1380 1443 δέλτον
1407 1394 1486 1442 διὰ
1512 1401 1594 1455 τῆς
1621 1400 1776 1442 συνοί-

77 1491 163 1522 κου
200 1466 505 1534 πρεσβύτιδος
541 1468 696 1532 λάθρᾳ
735 1466 1180 1538 διεπεμψάμην,,,τῷ
1217 1472 1340 1530 καλῷ
1376 1468 1457 1513 καὶ
1479 1465 1667 1526 ’Ἕλληνι
1693 1467 1773 1511 καὶ

79 1545 199 1606 φίλῳ
234 1547 316 1590 τοῦ
352 1539 574 1600 ἄρχοντος
610 1525 896 1599 έγχειρίζεινλ)
906 1533 1137 1598 φράσασα.
1208 1537 1361 1594 ἐξελοῦ
1408 1537 1467 1598 δή
1514 1556 1568 1597 με
1610 1540 1775 1596 χειρῶν

78 1619 351 1678 λῃστρικῶν,
386 1613 467 1659 καὶ
500 1609 726 1667 ὑπόδεξαι
766 1608 851 1669 τὴν
886 1615 1057 1656 σαυτοῦ
1091 1613 1430 1669 θεραπαινίδα.
1502 1610 1582 1654 καὶ
1618 1609 1660 1655 εἰ
1693 1606 1774 1666 μὲν

6 1691 48 1725 20
79 1684 258 1748 βούλει,
297 1688 433 1742 σῶζε,
469 1683 640 1741 μαθὼν
678 1679 740 1734 ὡς
775 1677 806 1727 ὁὶ
839 1680 920 1740 μὲν
956 1678 1137 1727 άδικεῖν
1174 1681 1325 1740 ἔδοξα,
1361 1684 1626 1742 βιασθεῖσα,
1665 1674 1698 1725 εἳ
1725 1678 1774 1724 δὲ

77 1753 389 1816 τετιμώρημαι
425 1753 510 1813 τὴν
544 1754 617 1799 σοὶ
653 1756 891 1812 πολεμιάν,
925 1750 1095 1799 ἑκοῦσα
1131 1750 1477 1810 διεπραξάμην·
1527 1751 1568 1797 εἰ
1600 1751 1650 1797 δὲ
1685 1750 1775 1808 ἔχει

79 1828 129 1875 σέ
161 1845 230 1880 τις
264 1823 575 1885 ἆμετάκλητος
609 1821 739 1884 ὀργή,
775 1824 965 1883 κέχρησο
1001 1821 1145 1883 ταύτῃ
1181 1821 1286 1868 κατ’
1312 1822 1422 1882 ἐμοῦ
1458 1820 1573 1880 πρὸς
1603 1818 1631 1868 ὃ
1668 1819 1777 1883 βού-

78 1904 161 1945 λει.
212 1895 357 1958 μόνον
382 1893 474 1942 ὑπὸ
512 1894 558 1940 σὲ
593 1899 826 1955 γενοίμην,
863 1895 905 1941 εἰ
935 1895 1015 1940 καὶ
1050 1892 1279 1940 τεθνάναι
1317 1894 1438 1940 δέοι·
1478 1894 1653 1954 βέλτιον
1688 1890 1775 1951 γὰρ

76 1965 170 2016 ὑπὸ
207 1972 370 2029 χειρῶν
404 1964 670 2028 ἀνῃρῆσθαι
707 1969 800 2012 τῶν
833 1970 927 2011 σῶν
953 1966 1034 2011 καὶ
1061 1968 1248 2024 κηδείας
1270 1968 1543 2026 μεταλαβεῖν
1568 1962 1774 2022 Ἑλληνι-

6 2043 49 2076 25
77 2044 180 2102 κῆς,
218 2034 249 2099 ἢ
284 2036 499 2085 θανάτου
535 2036 786 2100 βαρυτέραν
821 2034 943 2096 ζωὴν
969 2037 1050 2082 καὶ
1076 2040 1266 2096 φίλτρον
1293 2030 1774 2099 βαρβαρικὸνῖεᾯῖθρας

18 2125 24 2131 ·
77 2106 389 2175 ἀνιαρότερον,
409 2113 491 2172 τῆς
508 2105 708 2168 Ἀττικῆς
735 2104 997 2166 ἀνέχεσθαι.
1567 2096 1570 2099 ¹
1606 2098 1615 2099 ἶ
1715 2095 1734 2113 ¹⁷

184 2207 414 2258 τοιαῦτα
451 2204 555 2271 μὲν
595 2201 625 2273 ἡ
667 2205 847 2271 Θίσβη
887 2205 976 2255 καὶ
1015 2200 1048 2272 ἡ
1091 2203 1282 2265 δέλτος
1320 2205 1584 2271 ἔφραζεν’
1637 2199 1665 2254 ὁ
1704 2202 1766 2254 δὲ
1790 2204 1851 2255 11

4 2288 11 2348 s
79 2289 329 2358 Κνήμων
366 2282 409 2342 ὦ
439 2289 620 2356 Θίσβη
656 2290 793 2357 ἔφη,
831 2284 902 2340 σύ
937 2286 1041 2358 μὲν
1079 2290 1263 2350 καλῶς
1298 2291 1542 2340 ποιοῦσα
1567 2286 1772 2355 τέθνη-

6 2415 9 2419 -
82 2393 209 2442 κας,
249 2374 340 2427 καὶ
379 2374 612 2442 γέγονας
650 2370 784 2441 ἡμῖν
820 2370 1160 2440 αὐτάγγελος
1185 2376 1299 2425 τῶν
1326 2371 1526 2440 ἑαυτῆς
1551 2387 1775 2441 συμφο-

14 2472 56 2512 ³0
87 2463 223 2527 ρῶν,
264 2457 321 2522 ἐξ
359 2455 547 2510 αὐτῶν
587 2457 942 2526 ἐγχειρίσασα
969 2460 1085 2510 τῶν
1110 2459 1229 2509 σῶν
1256 2460 1494 2525 σφαγῶν
1519 2456 1624 2524 τὴν
1651 2455 1775 2523 διή-

81 2558 263 2612 γησιν.
320 2540 498 2604 οὕτως
523 2540 633 2611 ἄρα
671 2539 912 2611 τιμωρὸς
952 2539 1143 2610 ἐρινῦς
1179 2545 1286 2611 γῆν
1327 2541 1417 2594 ἐπὶ
1456 2544 1662 2607 πᾶσαν,
1703 2536 1776 2600 ῶς

82 2629 285 2695 ἔοικεν,
326 2625 646 2679 ἐλαύνουσά
674 2641 754 2693 σε,
794 2623 862 2679 οὐ
890 2626 1167 2695 πρότερον
1195 2629 1392 2694 ἔστησε
1419 2623 1521 2694 τὴν
1549 2626 1776 2678 ἔνδικον

4 2768 9 2774 ,
81 2710 323 2783 μάστιγα
349 2709 485 2779 πρὶν
512 2711 603 2763 καὶ
633 2710 697 2763 έν
723 2711 991 2782 Αἰγύπτῳ
1028 2730 1095 2780 με
1130 2710 1494 2778 τυγχάνοντα,
1515 2709 1614 2762 τὸν
1655 2706 1771 2775 η’δι-

85 2795 327 2864 κημένον
365 2793 578 2863 θεατὴν
618 2796 912 2866 ἐπιστῆσαι
940 2799 1037 2863 τῆς
1072 2793 1211 2847 κατὰ
1238 2798 1342 2847 σοῦ
1370 2784 1582 2861 ποιῦῆς.
1634 2789 1775 2844 ἄλλα

5 2870 55 2936 {3⁵
84 2881 142 2932 τί
171 2872 247 2948 ἦν
283 2877 394 2948 ἄρα
433 2876 465 2932 ὃ
501 2867 805 2933 καῖπάλιν
843 2894 905 2933 σε
934 2877 1055 2932 κατ’
1088 2882 1226 2949 ἐμοῦ
1253 2877 1655 2946 τεχναζομένην
1683 2873 1777 2926 καὶ
