1916 3132
156 96 227 148 28
858 99 1159 147 ΠΡΩΤΟΝ

157 255 278 306 μεν.
336 233 505 298 ὁλκὰς
544 227 650 289 οὐν
687 237 1005 305 ἐπληροῦτο
1038 238 1257 305 χρυσοῦ
1281 256 1340 290 τε
1365 237 1458 290 καὶ
1484 235 1741 306 ἀργύρου
1766 238 1861 291 καὶ

160 322 422 391 ἐσθήτων
460 320 554 374 καὶ
591 324 707 373 τῶν
745 319 934 373 ἄλλων
973 317 1076 372 ὅσα
1112 322 1255 388 πρός
1278 340 1338 374 τε
1362 320 1493 385 τούς
1518 319 1741 389 ἀγῶνας
1765 319 1870 383 καὶ,

161 403 266 474 τὴν
294 405 591 474 πάνδημον
619 403 863 472 εὐωχίαν
891 402 1225 472 ἐπαρκέσειν
1261 408 1486 475 ἔμελλε,
1527 407 1619 458 καὶ
1646 404 1859 474 άνηγό-

161 495 338 560 μεθα,
378 495 494 543 τῶν
533 491 635 557 μὲν
662 490 921 558 πατέρων
945 488 1114 558 γήραι
1144 509 1204 543 τε
1229 486 1716 559 προηκόντωνὶκαὶ
1743 490 1857 544 δέει

160 580 260 627 τοῦ
288 578 436 627 πλοῦ
462 573 554 626 καὶ
579 577 677 642 τῆς
702 575 986 643 θαλάττης
1012 575 1202 627 οἴκαδε
1241 575 1715 644 καταμεινάντων,
1755 572 1855 627 ἅλ-

160 663 279 711 λων
318 660 378 711 δὲ
417 661 664 711 πολιτῶν
705 659 783 719 εἰς
820 661 1040 726 πλῆθος
1075 662 1191 712 τῶν
1229 659 1333 728 μὲν
1358 658 1499 713 κατὰ
1536 658 1639 729 τὴν
1677 657 1857 729 αὐτὴν

164 741 376 796 ὁλκάδα
404 744 848 811 συνεισβάντων,
887 746 1002 796 τῶν
1039 744 1100 795 δὲ
1136 742 1414 811 σκάφεσιν
1450 745 1612 806 ἰδίοις
1636 744 1858 813 χρωμέ-

158 847 291 884 νων.
358 827 477 881 ἐπεὶ
516 828 578 881 δὲ
616 829 679 880 τὸ
707 826 853 880 πολύ
892 831 993 880 τοῦ
1020 831 1166 880 πλοῦ
1194 828 1494 897 διήνυστο,
1535 828 1857 883 κλυδώνιον

158 911 385 981 ἀθρόως
415 914 662 981 ἐμπεσὸν
689 913 784 965 καὶ
804 910 1010 982 ἄνεμος
1037 911 1276 982 ἐξώστης
1301 910 1394 965 καὶ
1420 915 1687 976 λαίλαπες
1713 926 1857 980 συμ-

156 1007 334 1065 μιγεῖς
362 998 454 1050 καὶ
481 1001 797 1066 πρηστῆρες
821 994 926 1066 τὴν
952 997 1240 1050 θάλατταν
1268 999 1713 1065 καταιγίζουσαι,
1751 995 1856 1067 τὴν

157 1086 305 1135 ναῦν
343 1082 445 1135 τοῦ
484 1080 682 1144 εὐθέος
719 1084 1141 1149 παραφέρουσι,
1182 1084 1284 1134 τοῦ
1323 1081 1675 1152 κυβερνήτου
1714 1080 1855 1149 πρὸς

158 1168 217 1220 τὸ
247 1165 609 1234 ὑπερβάλλον
647 1166 824 1218 κακὸν
853 1165 1114 1226 ἐνδόντος
1153 1164 1245 1218 καὶ
1272 1170 1347 1234 τῷ
1374 1168 1539 1237 βιαίῳ
1563 1169 1661 1234 τῆς
1687 1162 1856 1219 ὁλκά-

158 1252 253 1313 δος
302 1252 606 1313 ἐκστάντος
650 1249 743 1303 καὶ
788 1254 856 1319 τῇ
911 1252 1050 1320 τύχῃ
1099 1253 1387 1319 κυβερνᾶν
1436 1249 1852 1319 ἐπιτρέψαντος.

155 1335 412 1405 ἠγόμεθα
450 1328 557 1388 οὐν
595 1332 706 1387 ὑπὸ
746 1338 847 1387 τοῦ
887 1333 970 1387 ἀεὶ
1018 1335 1286 1396 πνέοντος
1322 1332 1527 1404 ἡμέρας
1570 1334 1674 1402 μὲν
1720 1333 1856 1388 ἑπτὰ

157 1421 365 1483 νύκτας
400 1422 460 1474 δὲ
500 1425 652 1486 ἴσας,
690 1423 783 1473 καὶ
818 1420 971 1482 τέλος
1016 1421 1092 1480 εἰς
1128 1419 1231 1487 τὴν
1267 1418 1445 1487 άκτήν
1475 1419 1847 1487 ἐξωκείλαμεν

157 1508 297 1558 ἔνθα
337 1502 475 1573 πρὸς
513 1503 672 1573 ὑμῶν
711 1505 985 1572 ἑάλωμεν·
1025 1496 1092 1558 οὗ
1118 1505 1210 1556 καὶ
1237 1501 1338 1556 τὸν
1363 1501 1548 1557 πολὺν
1574 1503 1855 1571 ἑωράκατε

158 1588 359 1658 φόνον,
407 1593 521 1641 τῶν
558 1593 786 1641 ναυτῶν
822 1587 957 1657 ἡμῖν
996 1586 1148 1658 παρὰ
1187 1585 1292 1656 τὴν
1331 1587 1601 1656 εὐωχίαν,
1649 1586 1723 1656 ἣν
1763 1586 1855 1642 ἐπὶ

158 1677 451 1741 σωτηρίοις
474 1671 712 1741 ἤγομεν,
744 1672 1124 1742 ἐπιθεμένων,
1165 1671 1390 1724 άνελεῖν
1415 1691 1475 1724 τε
1501 1670 1594 1724 διὰ
1619 1671 1688 1724 τά
1715 1672 1854 1740 χρή-

157 1778 301 1828 ματα
327 1758 821 1825 βουλευσαμένων,
849 1757 952 1819 ἕως
973 1755 1080 1809 σύν
1107 1759 1293 1824 πολλῷ
1320 1758 1398 1825 τῷ
1424 1759 1577 1826 κακῷ
1604 1759 1698 1808 καὶ
1726 1755 1852 1809 ὀλέ-

157 1849 282 1912 θρῳ
309 1846 422 1895 τῶν
451 1843 676 1894 οἰκείων
703 1839 846 1909 ὁμοῦ
881 1841 1137 1908 πάντων,
1178 1838 1367 1892 αὐτῶν
1406 1840 1467 1892 δὲ
1496 1841 1732 1893 ἐκείνων
1757 1837 1853 1893 ὀλ-

158 1927 379 1980 λύντων
417 1927 511 1979 καὶ
549 1925 903 1994 ὀλλυμένων,
956 1923 1411 1993 ἐπεκρατήσαμεν
1462 1923 1515 1987 ἐξ
1566 1921 1850 1992 ἁπάντων,

159 2010 234 2075 ὠς
271 2011 346 2081 μή
383 2030 517 2064 ποτε
556 2010 795 2078 ὄφελον,
847 2006 1074 2076 οἰκτρὸν
1111 2008 1522 2077 περισωθέντες
1559 2011 1851 2076 λείψανον,

158 2099 220 2151 ἓν
244 2097 423 2166 μόνον
450 2095 513 2147 ἐν
551 2095 972 2162 δυστυχήμασιν
1001 2092 1444 2161 εὐπραγοῦντες,
1483 2091 1566 2146 ὅτι
1591 2095 1746 2145 θεῶν
1770 2112 1854 2155 τις

159 2183 237 2244 εἰς
263 2189 449 2249 χεῖρας
483 2177 579 2240 τὰς
605 2176 873 2245 ὑμετέρας
908 2176 1082 2247 ἤγαγε
1112 2178 1204 2229 καὶ
1231 2178 1291 2230 οἱ
1320 2178 1447 2246 περὶ
1472 2178 1732 2230 θανάτου
1757 2177 1852 2230 δε-

159 2264 490 2331 διότεςῑπερὶ
516 2264 701 2332 γάμου
742 2271 975 2314 σκοπεῖν
1012 2262 1415 2330 ἐπετράπημεν,
1454 2258 1521 2313 ὃν
1546 2259 1615 2313 οὐ
1640 2260 1850 2329 βούλο-

157 2369 255 2419 μαι
282 2345 402 2400 κατ’
433 2345 641 2399 οὐδένα
667 2346 880 2412 τρόπον
906 2345 1290 2413 ἀρνήσασθαι·
1344 2346 1407 2398 τό
1434 2365 1492 2397 τε
1517 2346 1624 2413 γὰρ
1653 2345 1852 2413 αἰχμά-

1885 1018 1916 1051 1(

1879 2279 1916 2312 25

158 2437 339 2486 λωτον
379 2422 557 2484 οὖσαν
594 2433 689 2499 τῆς
725 2433 827 2483 τοῦ
855 2434 1195 2497 κρατοῦντος
1224 2428 1388 2497 εὐνῆς
1415 2427 1712 2492 ἀξιοῦσθαι
1739 2433 1849 2481 πᾶ-
1908 2466 1913 2467 ⁷

158 2533 266 2570 σαν
293 2514 600 2582 εὐδαίμονα
627 2516 802 2583 τύχην
829 2512 1241 2583 ὑπερβέβληκε,
1269 2514 1332 2566 τό
1359 2533 1416 2566 τε
1442 2518 1598 2574 θεοῖς
1622 2510 1850 2565 ἀνακει-

158 2601 334 2670 μένην
371 2599 670 2667 προφήτου
708 2600 865 2651 παιδὶ
903 2597 1024 2667 μετ’
1056 2597 1249 2666 ὀλίγον
1286 2602 1428 2650 θεοῦ
1463 2597 1731 2659 νεύοντος
1755 2597 1850 2649 καὶ

158 2685 419 2753 προφήτῃ
459 2693 750 2736 συνοικεῖν
779 2680 846 2734 οὐ
886 2684 1245 2750 παντάπασιν
1272 2685 1454 2734 ἔοικεν
1482 2676 1623 2734 εἶναι
1659 2685 1756 2748 τῆς
1784 2679 1848 2733 ἐκ
1876 2699 1916 2736 30

157 2774 259 2823 τοῦ
285 2772 449 2822 θείου
477 2770 817 2836 κηδεμονίας
845 2767 1096 2834 ἄμοιρον.
1162 2767 1223 2818 ἓν
1247 2763 1424 2835 μόνον
1451 2766 1605 2830 αἰτῶ,
1633 2766 1726 2816 καὶ
1753 2762 1849 2826 δὸς

159 2848 203 2908 ὦ
234 2853 432 2922 Θύαμι.
473 2853 841 2919 συγχώρησον
869 2853 949 2912 είς
974 2851 1115 2904 ἄστυ
1141 2869 1208 2918 με
1234 2850 1513 2918 πρότερον
1540 2849 1846 2914 ἐλθοῦσαν,
