<?xml version="1.0" encoding="UTF-8"?>
<!DOCTYPE html PUBLIC "-//W3C//DTD XHTML 1.0 Transitional//EN"
    "http://www.w3.org/TR/xhtml1/DTD/xhtml1-transitional.dtd">
<html xmlns="http://www.w3.org/1999/xhtml" xml:lang="en" lang="en">
 <head>
  <title>
</title>
<meta http-equiv="Content-Type" content="text/html;charset=utf-8" />
  <meta name='ocr-system' content='tesseract 3.04.00' />
  <meta name='ocr-capabilities' content='ocr_page ocr_carea ocr_par ocr_line ocrx_word'/>
</head>
<body>
  <div class='ocr_page' id='page_1' title='image "./aethiopicorumlib00heliuoft_0149.png"; bbox 0 0 1916 3132; ppageno 0'>
   <div class='ocr_carea' id='block_1_1' title="bbox 0 0 1790 205">
    <p class='ocr_par' dir='ltr' id='par_1_1' title="bbox 0 0 1790 205">
     <span class='ocr_line' id='line_1_1' title="bbox 0 0 222 78; baseline 0 -19"><span class='ocrx_word' id='word_1_1' title='bbox 0 0 222 78; x_wconf 69' lang='lat' dir='ltr'><em>[W</em></span> 
     </span>
     <span class='ocr_line' id='line_1_2' title="bbox 754 151 1790 205; baseline -0.001 0"><span class='ocrx_word' id='word_1_2' title='bbox 754 156 1131 205; x_wconf 83' lang='lat' dir='ltr'><strong><em>HEMHTON</em></strong></span> <span class='ocrx_word' id='word_1_3' title='bbox 1689 151 1790 204; x_wconf 83' lang='lat'><em>139</em></span> 
     </span>
    </p>
   </div>
   <div class='ocr_carea' id='block_1_2' title="bbox 21 287 1811 2139">
    <p class='ocr_par' dir='ltr' id='par_1_2' title="bbox 21 287 1811 2139">
     <span class='ocr_line' id='line_1_3' title="bbox 89 287 1790 364; baseline -0.005 -13"><span class='ocrx_word' id='word_1_4' title='bbox 89 299 326 362; x_wconf 87' lang='grc' dir='ltr'><em>σίκλεις,</em></span> <span class='ocrx_word' id='word_1_5' title='bbox 367 293 488 349; x_wconf 84' lang='grc' dir='ltr'><em>ἀλλ’</em></span> <span class='ocrx_word' id='word_1_6' title='bbox 530 293 642 364; x_wconf 78' lang='grc' dir='ltr'><em>ἅμα</em></span> <span class='ocrx_word' id='word_1_7' title='bbox 678 292 836 364; x_wconf 84' lang='grc' dir='ltr'><em>ἥλιός</em></span> <span class='ocrx_word' id='word_1_8' title='bbox 872 313 932 346; x_wconf 92' lang='grc' dir='ltr'><em>τε</em></span> <span class='ocrx_word' id='word_1_9' title='bbox 969 290 1162 361; x_wconf 83' lang='grc' dir='ltr'><em>ἀνϊσχε</em></span> <span class='ocrx_word' id='word_1_10' title='bbox 1201 292 1296 345; x_wconf 87' lang='grc' dir='ltr'><em>καὶ</em></span> <span class='ocrx_word' id='word_1_11' title='bbox 1332 287 1490 360; x_wconf 80' lang='grc' dir='ltr'><em>ἡμεῖς</em></span> <span class='ocrx_word' id='word_1_12' title='bbox 1528 289 1790 360; x_wconf 71' lang='grc' dir='ltr'><em>ἄγκυραν</em></span> 
     </span>
     <span class='ocr_line' id='line_1_4' title="bbox 88 374 1788 450; baseline -0.004 -16"><span class='ocrx_word' id='word_1_13' title='bbox 88 382 375 450; x_wconf 82' lang='grc' dir='ltr'><em>καθίεμεν.</em></span> <span class='ocrx_word' id='word_1_14' title='bbox 439 380 501 434; x_wconf 80' lang='grc' dir='ltr'><em>οἰ</em></span> <span class='ocrx_word' id='word_1_15' title='bbox 531 379 592 432; x_wconf 76' lang='grc' dir='ltr'><em>δὲ</em></span> <span class='ocrx_word' id='word_1_16' title='bbox 618 383 715 447; x_wconf 86' lang='grc' dir='ltr'><em>τῆς</em></span> <span class='ocrx_word' id='word_1_17' title='bbox 752 379 932 448; x_wconf 80' lang='grc' dir='ltr'><strong><em>νήσου</em></strong></span> <span class='ocrx_word' id='word_1_18' title='bbox 968 377 1098 446; x_wconf 84' lang='grc' dir='ltr'><em>περὶ</em></span> <span class='ocrx_word' id='word_1_19' title='bbox 1134 374 1235 430; x_wconf 88' lang='grc' dir='ltr'><em>τὸν</em></span> <span class='ocrx_word' id='word_1_20' title='bbox 1274 374 1450 446; x_wconf 82' lang='grc' dir='ltr'><em>ὅρμον</em></span> <span class='ocrx_word' id='word_1_21' title='bbox 1478 377 1788 443; x_wconf 81' lang='grc' dir='ltr'><em>οἰκοῦντες,</em></span> 
     </span>
     <span class='ocr_line' id='line_1_5' title="bbox 87 458 1788 534; baseline -0.004 -15"><span class='ocrx_word' id='word_1_22' title='bbox 87 463 363 534; x_wconf 77' lang='grc' dir='ltr'><em>ἀπέχοντα</em></span> <span class='ocrx_word' id='word_1_23' title='bbox 400 462 468 518; x_wconf 84' lang='grc' dir='ltr'><em>ού</em></span> <span class='ocrx_word' id='word_1_24' title='bbox 508 460 657 517; x_wconf 77' lang='grc' dir='ltr'><em>πολὺ</em></span> <span class='ocrx_word' id='word_1_25' title='bbox 693 467 793 532; x_wconf 84' lang='grc' dir='ltr'><em>τῆς</em></span> <span class='ocrx_word' id='word_1_26' title='bbox 817 463 1060 530; x_wconf 87' lang='grc' dir='ltr'><em>πόλεως,</em></span> <span class='ocrx_word' id='word_1_27' title='bbox 1101 461 1363 528; x_wconf 82' lang='grc' dir='ltr'><em>καθάπερ</em></span> <span class='ocrx_word' id='word_1_28' title='bbox 1404 459 1504 513; x_wconf 84' lang='grc' dir='ltr'><em>ἐπί</em></span> <span class='ocrx_word' id='word_1_29' title='bbox 1523 480 1576 513; x_wconf 91' lang='grc' dir='ltr'><em>τι</em></span> <span class='ocrx_word' id='word_1_30' title='bbox 1603 458 1788 529; x_wconf 90' lang='grc' dir='ltr'><em>παρά-</em></span> 
     </span>
     <span class='ocr_line' id='line_1_6' title="bbox 87 542 1788 618; baseline -0.003 -16"><span class='ocrx_word' id='word_1_31' title='bbox 87 549 255 613; x_wconf 80' lang='grc' dir='ltr'><em>δοξον</em></span> <span class='ocrx_word' id='word_1_32' title='bbox 280 548 383 617; x_wconf 88' lang='grc' dir='ltr'><em>τὴν</em></span> <span class='ocrx_word' id='word_1_33' title='bbox 407 549 551 603; x_wconf 81' lang='grc' dir='ltr'><em>θέαν</em></span> <span class='ocrx_word' id='word_1_34' title='bbox 577 546 682 618; x_wconf 81' lang='grc' dir='ltr'><em>τὴν</em></span> <span class='ocrx_word' id='word_1_35' title='bbox 706 545 983 617; x_wconf 80' lang='grc' dir='ltr'><em>ἡμετέραν</em></span> <span class='ocrx_word' id='word_1_36' title='bbox 1011 546 1340 615; x_wconf 80' lang='grc' dir='ltr'><em>συνέρρεον,</em></span> <span class='ocrx_word' id='word_1_37' title='bbox 1369 542 1641 614; x_wconf 73' lang='grc' dir='ltr'><em>ἀγάμενοι</em></span> <span class='ocrx_word' id='word_1_38' title='bbox 1666 545 1788 612; x_wconf 89' lang='grc' dir='ltr'><em>μέν,</em></span> 
     </span>
     <span class='ocr_line' id='line_1_7' title="bbox 38 625 1791 702; baseline -0.003 -15"><span class='ocrx_word' id='word_1_39' title='bbox 38 653 59 686; x_wconf 80' lang='lat'><strong>⁶</strong></span> <span class='ocrx_word' id='word_1_40' title='bbox 88 625 163 696; x_wconf 70' lang='grc' dir='ltr'><em>ὥς</em></span> <span class='ocrx_word' id='word_1_41' title='bbox 189 634 479 702; x_wconf 87' lang='grc' dir='ltr'><em>ἐφαίνετο,</em></span> <span class='ocrx_word' id='word_1_42' title='bbox 518 634 611 686; x_wconf 86' lang='grc' dir='ltr'><em>καὶ</em></span> <span class='ocrx_word' id='word_1_43' title='bbox 646 632 708 686; x_wconf 91' lang='grc' dir='ltr'><em>τὸ</em></span> <span class='ocrx_word' id='word_1_44' title='bbox 735 635 834 700; x_wconf 88' lang='grc' dir='ltr'><em>τῆς</em></span> <span class='ocrx_word' id='word_1_45' title='bbox 859 628 1100 693; x_wconf 78' lang='grc' dir='ltr'><em>ὁλκάδος</em></span> <span class='ocrx_word' id='word_1_46' title='bbox 1127 627 1439 698; x_wconf 79' lang='grc' dir='ltr'><em>εὐάγωγον,</em></span> <span class='ocrx_word' id='word_1_47' title='bbox 1481 631 1556 693; x_wconf 89' lang='grc' dir='ltr'><em>εἰς</em></span> <span class='ocrx_word' id='word_1_48' title='bbox 1582 629 1791 692; x_wconf 88' lang='grc' dir='ltr'><em>κάλλος</em></span> 
     </span>
     <span class='ocr_line' id='line_1_8' title="bbox 88 715 1791 788; baseline -0.002 -18"><span class='ocrx_word' id='word_1_49' title='bbox 88 736 147 772; x_wconf 92' lang='grc' dir='ltr'><em>τε</em></span> <span class='ocrx_word' id='word_1_50' title='bbox 180 715 294 787; x_wconf 78' lang='grc' dir='ltr'><em>ἅμα</em></span> <span class='ocrx_word' id='word_1_51' title='bbox 330 717 423 772; x_wconf 89' lang='grc' dir='ltr'><em>καὶ</em></span> <span class='ocrx_word' id='word_1_52' title='bbox 461 718 700 788; x_wconf 83' lang='grc' dir='ltr'><em>μέγεθος</em></span> <span class='ocrx_word' id='word_1_53' title='bbox 728 717 1032 785; x_wconf 79' lang='grc' dir='ltr'><em>αἰρόμενον</em></span> <span class='ocrx_word' id='word_1_54' title='bbox 1060 716 1547 784; x_wconf 82' lang='grc' dir='ltr'><em>ἐκπεπονημένης,</em></span> <span class='ocrx_word' id='word_1_55' title='bbox 1587 717 1791 768; x_wconf 89' lang='grc' dir='ltr'><em>Φοινί-</em></span> 
     </span>
     <span class='ocr_line' id='line_1_9' title="bbox 86 799 1789 873; baseline -0.003 -17"><span class='ocrx_word' id='word_1_56' title='bbox 86 820 242 856; x_wconf 79' lang='grc' dir='ltr'><em>κειον</em></span> <span class='ocrx_word' id='word_1_57' title='bbox 287 801 349 856; x_wconf 84' lang='grc' dir='ltr'><em>τὸ</em></span> <span class='ocrx_word' id='word_1_58' title='bbox 400 804 777 873; x_wconf 83' lang='grc' dir='ltr'><em>φιλοτέχνημα</em></span> <span class='ocrx_word' id='word_1_59' title='bbox 822 803 1114 870; x_wconf 77' lang='grc' dir='ltr'><em>γνωρίζειν</em></span> <span class='ocrx_word' id='word_1_60' title='bbox 1162 800 1444 867; x_wconf 89' lang='grc' dir='ltr'><em>λέγοντες,</em></span> <span class='ocrx_word' id='word_1_61' title='bbox 1507 799 1680 852; x_wconf 86' lang='grc' dir='ltr'><em>πλέον</em></span> <span class='ocrx_word' id='word_1_62' title='bbox 1728 800 1789 851; x_wconf 80' lang='grc' dir='ltr'><em>δὲ</em></span> 
     </span>
     <span class='ocr_line' id='line_1_10' title="bbox 62 881 1791 958; baseline -0.002 -18"><span class='ocrx_word' id='word_1_63' title='bbox 62 885 474 956; x_wconf 57' lang='grc' dir='ltr'><em>,θαυμάζοντες</em></span> <span class='ocrx_word' id='word_1_64' title='bbox 499 885 575 949; x_wconf 74' lang='grc' dir='ltr'><em>ὦς</em></span> <span class='ocrx_word' id='word_1_65' title='bbox 609 886 913 958; x_wconf 80' lang='grc' dir='ltr'><em>παραλόγῳ</em></span> <span class='ocrx_word' id='word_1_66' title='bbox 952 888 1020 955; x_wconf 80' lang='grc' dir='ltr'><em>τῇ</em></span> <span class='ocrx_word' id='word_1_67' title='bbox 1059 887 1196 953; x_wconf 81' lang='grc' dir='ltr'><em>τύχῃ</em></span> <span class='ocrx_word' id='word_1_68' title='bbox 1235 888 1650 953; x_wconf 80' lang='grc' dir='ltr'><em>χρησαμένους,</em></span> <span class='ocrx_word' id='word_1_69' title='bbox 1695 881 1791 936; x_wconf 78' lang='grc' dir='ltr'><em>εὔ-</em></span> 
     </span>
     <span class='ocr_line' id='line_1_11' title="bbox 89 967 1790 1040; baseline -0.002 -16"><span class='ocrx_word' id='word_1_70' title='bbox 89 971 215 1024; x_wconf 91' lang='grc' dir='ltr'><em>διόν</em></span> <span class='ocrx_word' id='word_1_71' title='bbox 251 991 311 1025; x_wconf 86' lang='grc' dir='ltr'><em>τε</em></span> <span class='ocrx_word' id='word_1_72' title='bbox 348 973 441 1026; x_wconf 85' lang='grc' dir='ltr'><em>καὶ</em></span> <span class='ocrx_word' id='word_1_73' title='bbox 491 969 754 1040; x_wconf 89' lang='grc' dir='ltr'><em>ἀπήμονα</em></span> <span class='ocrx_word' id='word_1_74' title='bbox 801 970 982 1024; x_wconf 80' lang='grc' dir='ltr'><em>πλοῦν</em></span> <span class='ocrx_word' id='word_1_75' title='bbox 1035 970 1097 1022; x_wconf 83' lang='grc' dir='ltr'><em>ἐν</em></span> <span class='ocrx_word' id='word_1_76' title='bbox 1135 971 1393 1040; x_wconf 77' lang='grc' dir='ltr'><em>χειμερίῳ</em></span> <span class='ocrx_word' id='word_1_77' title='bbox 1431 972 1498 1040; x_wconf 82' lang='grc' dir='ltr'><em>τῇ</em></span> <span class='ocrx_word' id='word_1_78' title='bbox 1538 967 1659 1037; x_wconf 74' lang='grc' dir='ltr'><em>ὥρα</em></span> <span class='ocrx_word' id='word_1_79' title='bbox 1697 968 1790 1021; x_wconf 88' lang='grc' dir='ltr'><em>καὶ</em></span> 
     </span>
     <span class='ocr_line' id='line_1_12' title="bbox 26 1045 1790 1126; baseline -0.003 -16"><span class='ocrx_word' id='word_1_80' title='bbox 26 1085 56 1120; x_wconf 54' lang='lat'><em>10</em></span> <span class='ocrx_word' id='word_1_81' title='bbox 86 1056 393 1125; x_wconf 86' lang='grc' dir='ltr'><em>Πληιάδων</em></span> <span class='ocrx_word' id='word_1_82' title='bbox 416 1055 527 1126; x_wconf 81' lang='grc' dir='ltr'><em>ἤδη</em></span> <span class='ocrx_word' id='word_1_83' title='bbox 555 1059 848 1124; x_wconf 84' lang='grc' dir='ltr'><em>δυομένων</em></span> <span class='ocrx_word' id='word_1_84' title='bbox 878 1054 1215 1116; x_wconf 89' lang='grc' dir='ltr'><em>ἀνύσαντας.</em></span> <span class='ocrx_word' id='word_1_85' title='bbox 1282 1054 1342 1106; x_wconf 76' lang='grc' dir='ltr'><em>οἵ</em></span> <span class='ocrx_word' id='word_1_86' title='bbox 1360 1053 1464 1123; x_wconf 82' lang='grc' dir='ltr'><em>μὲν</em></span> <span class='ocrx_word' id='word_1_87' title='bbox 1491 1045 1598 1107; x_wconf 81' lang='grc' dir='ltr'><em>οὖν</em></span> <span class='ocrx_word' id='word_1_88' title='bbox 1626 1053 1790 1107; x_wconf 79' lang='grc' dir='ltr'><em>ἄλλοι</em></span> 
     </span>
     <span class='ocr_line' id='line_1_13' title="bbox 86 1134 1811 1208; baseline -0.001 -15"><span class='ocrx_word' id='word_1_89' title='bbox 86 1141 292 1208; x_wconf 91' lang='grc' dir='ltr'><em>σχεδόν</em></span> <span class='ocrx_word' id='word_1_90' title='bbox 337 1160 390 1193; x_wconf 91' lang='grc' dir='ltr'><em>τι</em></span> <span class='ocrx_word' id='word_1_91' title='bbox 440 1141 645 1202; x_wconf 90' lang='grc' dir='ltr'><em>πάντες</em></span> <span class='ocrx_word' id='word_1_92' title='bbox 660 1198 677 1205; x_wconf 14' lang='lat'><em>*⁷</em></span> <span class='ocrx_word' id='word_1_93' title='bbox 694 1142 775 1193; x_wconf 82' lang='grc' dir='ltr'><em>ἔτι</em></span> <span class='ocrx_word' id='word_1_94' title='bbox 811 1144 926 1193; x_wconf 77' lang='grc' dir='ltr'><em>τῶν</em></span> <span class='ocrx_word' id='word_1_95' title='bbox 967 1142 1341 1208; x_wconf 84' lang='grc' dir='ltr'><em>πρυμνησίων</em></span> <span class='ocrx_word' id='word_1_96' title='bbox 1379 1134 1811 1207; x_wconf 63' lang='grc' dir='ltr'><em>ἀναπτομένων)</em></span> 
     </span>
     <span class='ocr_line' id='line_1_14' title="bbox 84 1221 1789 1299; baseline -0.001 -23"><span class='ocrx_word' id='word_1_97' title='bbox 84 1222 456 1288; x_wconf 88' lang='grc' dir='ltr'><em>ἀπολιπόντες</em></span> <span class='ocrx_word' id='word_1_98' title='bbox 480 1222 585 1293; x_wconf 82' lang='grc' dir='ltr'><em>τήν</em></span> <span class='ocrx_word' id='word_1_99' title='bbox 610 1229 775 1291; x_wconf 87' lang='grc' dir='ltr'><em>ναῦν,</em></span> <span class='ocrx_word' id='word_1_100' title='bbox 806 1222 894 1276; x_wconf 80' lang='grc' dir='ltr'><em>ἐπὶ</em></span> <span class='ocrx_word' id='word_1_101' title='bbox 921 1221 984 1276; x_wconf 88' lang='grc' dir='ltr'><em>τὸ</em></span> <span class='ocrx_word' id='word_1_102' title='bbox 1016 1221 1288 1299; x_wconf 22' lang='grc' dir='ltr'><em>ἅστυῶτὴν</em></span> <span class='ocrx_word' id='word_1_103' title='bbox 1313 1224 1623 1298; x_wconf 82' lang='grc' dir='ltr'><em>Ζάκυνθον</em></span> <span class='ocrx_word' id='word_1_104' title='bbox 1653 1221 1789 1290; x_wconf 87' lang='grc' dir='ltr'><em>ἀγο-</em></span> 
     </span>
     <span class='ocr_line' id='line_1_15' title="bbox 85 1305 1788 1378; baseline -0.001 -18"><span class='ocrx_word' id='word_1_105' title='bbox 85 1307 353 1375; x_wconf 89' lang='grc' dir='ltr'><em>ράσοντες</em></span> <span class='ocrx_word' id='word_1_106' title='bbox 378 1308 701 1378; x_wconf 86' lang='grc' dir='ltr'><em>ἀνέτρεχον·</em></span> <span class='ocrx_word' id='word_1_107' title='bbox 745 1306 852 1377; x_wconf 74' lang='grc' dir='ltr'><em>ἐγώ</em></span> <span class='ocrx_word' id='word_1_108' title='bbox 880 1309 947 1360; x_wconf 90' lang='grc' dir='ltr'><em>δέ</em></span> <span class='ocrx_word' id='word_1_109' title='bbox 980 1311 1104 1375; x_wconf 88' lang='grc' dir='ltr'><em>(τοῦ</em></span> <span class='ocrx_word' id='word_1_110' title='bbox 1133 1307 1488 1376; x_wconf 85' lang='grc' dir='ltr'><em>κυβερνήτου</em></span> <span class='ocrx_word' id='word_1_111' title='bbox 1514 1306 1621 1376; x_wconf 84' lang='grc' dir='ltr'><em>γὰρ</em></span> <span class='ocrx_word' id='word_1_112' title='bbox 1650 1305 1788 1376; x_wconf 85' lang='grc' dir='ltr'><em>ἀκη-</em></span> 
     </span>
     <span class='ocr_line' id='line_1_16' title="bbox 84 1390 1789 1465; baseline -0.001 -19"><span class='ocrx_word' id='word_1_113' title='bbox 84 1392 227 1455; x_wconf 75' lang='grc' dir='ltr'><em>κοώς</em></span> <span class='ocrx_word' id='word_1_114' title='bbox 255 1393 564 1461; x_wconf 82' lang='grc' dir='ltr'><em>ἐτύγχανον</em></span> <span class='ocrx_word' id='word_1_115' title='bbox 592 1390 665 1455; x_wconf 75' lang='grc' dir='ltr'><em>ὥς</em></span> <span class='ocrx_word' id='word_1_116' title='bbox 691 1394 955 1463; x_wconf 79' lang='grc' dir='ltr'><em>χειμαδίῳ</em></span> <span class='ocrx_word' id='word_1_117' title='bbox 982 1394 1292 1461; x_wconf 82' lang='grc' dir='ltr'><em>χρήσονται</em></span> <span class='ocrx_word' id='word_1_118' title='bbox 1319 1396 1385 1460; x_wconf 83' lang='grc' dir='ltr'><em>τῇ</em></span> <span class='ocrx_word' id='word_1_119' title='bbox 1411 1390 1587 1462; x_wconf 83' lang='grc' dir='ltr'><em>νήσῳ)</em></span> <span class='ocrx_word' id='word_1_120' title='bbox 1614 1412 1789 1465; x_wconf 54' lang='lat' dir='ltr'><em>Qva-</em></span> 
     </span>
     <span class='ocr_line' id='line_1_17' title="bbox 21 1473 1786 1547; baseline -0.002 -15"><span class='ocrx_word' id='word_1_121' title='bbox 21 1501 55 1534; x_wconf 79' lang='grc' dir='ltr'><em>ιο</em></span> <span class='ocrx_word' id='word_1_122' title='bbox 82 1475 275 1546; x_wconf 83' lang='grc' dir='ltr'><em>γωγὴν</em></span> <span class='ocrx_word' id='word_1_123' title='bbox 302 1478 647 1547; x_wconf 80' lang='grc' dir='ltr'><em>σκεψόμενος</em></span> <span class='ocrx_word' id='word_1_124' title='bbox 683 1476 860 1530; x_wconf 84' lang='grc' dir='ltr'><em>αὐτοῦ</em></span> <span class='ocrx_word' id='word_1_125' title='bbox 887 1496 998 1529; x_wconf 88' lang='grc' dir='ltr'><em>που</em></span> <span class='ocrx_word' id='word_1_126' title='bbox 1025 1475 1152 1543; x_wconf 86' lang='grc' dir='ltr'><em>περὶ</em></span> <span class='ocrx_word' id='word_1_127' title='bbox 1180 1473 1284 1545; x_wconf 87' lang='grc' dir='ltr'><em>τὴν</em></span> <span class='ocrx_word' id='word_1_128' title='bbox 1312 1474 1489 1545; x_wconf 87' lang='grc' dir='ltr'><em>ἀκτὴν</em></span> <span class='ocrx_word' id='word_1_129' title='bbox 1514 1476 1786 1545; x_wconf 90' lang='grc' dir='ltr'><em>ήρχόμην,</em></span> 
     </span>
     <span class='ocr_line' id='line_1_18' title="bbox 83 1558 1789 1631; baseline -0.002 -16"><span class='ocrx_word' id='word_1_130' title='bbox 83 1559 189 1631; x_wconf 85' lang='grc' dir='ltr'><em>τὴν</em></span> <span class='ocrx_word' id='word_1_131' title='bbox 213 1562 318 1630; x_wconf 81' lang='grc' dir='ltr'><em>μὲν</em></span> <span class='ocrx_word' id='word_1_132' title='bbox 344 1566 493 1615; x_wconf 91' lang='grc' dir='ltr'><em>ναῦν</em></span> <span class='ocrx_word' id='word_1_133' title='bbox 519 1582 593 1624; x_wconf 90' lang='grc' dir='ltr'><em>ως</em></span> <span class='ocrx_word' id='word_1_134' title='bbox 628 1560 871 1629; x_wconf 78' lang='grc' dir='ltr'><em>ἀπρεπὲς</em></span> <span class='ocrx_word' id='word_1_135' title='bbox 908 1563 1230 1631; x_wconf 84' lang='grc' dir='ltr'><em>οἰκητήριον</em></span> <span class='ocrx_word' id='word_1_136' title='bbox 1258 1559 1351 1614; x_wconf 83' lang='grc' dir='ltr'><em>διὰ</em></span> <span class='ocrx_word' id='word_1_137' title='bbox 1378 1558 1483 1629; x_wconf 88' lang='grc' dir='ltr'><em>τὴν</em></span> <span class='ocrx_word' id='word_1_138' title='bbox 1509 1558 1789 1629; x_wconf 83' lang='grc' dir='ltr'><em>ναυτικήν</em></span> 
     </span>
     <span class='ocr_line' id='line_1_19' title="bbox 84 1643 1788 1715; baseline -0.001 -16"><span class='ocrx_word' id='word_1_139' title='bbox 84 1647 320 1715; x_wconf 87' lang='grc' dir='ltr'><em>τύρβην,</em></span> <span class='ocrx_word' id='word_1_140' title='bbox 346 1645 450 1714; x_wconf 80' lang='grc' dir='ltr'><em>τὴν</em></span> <span class='ocrx_word' id='word_1_141' title='bbox 476 1648 642 1699; x_wconf 88' lang='grc' dir='ltr'><em>πόλιν</em></span> <span class='ocrx_word' id='word_1_142' title='bbox 664 1646 725 1700; x_wconf 92' lang='grc' dir='ltr'><em>δε</em></span> <span class='ocrx_word' id='word_1_143' title='bbox 752 1666 824 1708; x_wconf 93' lang='grc' dir='ltr'><em>ως</em></span> <span class='ocrx_word' id='word_1_144' title='bbox 851 1643 956 1698; x_wconf 80' lang='grc' dir='ltr'><em>οὐκ</em></span> <span class='ocrx_word' id='word_1_145' title='bbox 983 1644 1231 1714; x_wconf 85' lang='grc' dir='ltr'><em>ἀσφαλες</em></span> <span class='ocrx_word' id='word_1_146' title='bbox 1251 1644 1343 1698; x_wconf 80' lang='grc' dir='ltr'><em>διά</em></span> <span class='ocrx_word' id='word_1_147' title='bbox 1371 1643 1476 1714; x_wconf 85' lang='grc' dir='ltr'><em>τὴν</em></span> <span class='ocrx_word' id='word_1_148' title='bbox 1502 1649 1616 1698; x_wconf 81' lang='grc' dir='ltr'><em>τῶν</em></span> <span class='ocrx_word' id='word_1_149' title='bbox 1642 1646 1788 1699; x_wconf 87' lang='grc' dir='ltr'><em>νέων</em></span> 
     </span>
     <span class='ocr_line' id='line_1_20' title="bbox 86 1727 1787 1800; baseline -0.001 -17"><span class='ocrx_word' id='word_1_150' title='bbox 86 1728 280 1799; x_wconf 87' lang='grc' dir='ltr'><em>φυγὴν</em></span> <span class='ocrx_word' id='word_1_151' title='bbox 318 1731 779 1800; x_wconf 89' lang='grc' dir='ltr'><em>παραιτούμενος.</em></span> <span class='ocrx_word' id='word_1_152' title='bbox 837 1728 1032 1798; x_wconf 85' lang='grc' dir='ltr'><em>ὀλίγον</em></span> <span class='ocrx_word' id='word_1_153' title='bbox 1071 1730 1176 1783; x_wconf 85' lang='grc' dir='ltr'><em>οὐν</em></span> <span class='ocrx_word' id='word_1_154' title='bbox 1213 1728 1349 1783; x_wconf 86' lang='grc' dir='ltr'><em>ὅσον</em></span> <span class='ocrx_word' id='word_1_155' title='bbox 1376 1729 1645 1799; x_wconf 87' lang='grc' dir='ltr'><em>προήκων</em></span> <span class='ocrx_word' id='word_1_156' title='bbox 1673 1727 1787 1797; x_wconf 89' lang='grc' dir='ltr'><em>ὁρω</em></span> 
     </span>
     <span class='ocr_line' id='line_1_21' title="bbox 86 1812 1787 1884; baseline -0.001 -16"><span class='ocrx_word' id='word_1_157' title='bbox 86 1816 408 1884; x_wconf 86' lang='grc' dir='ltr'><em>πρεσβύτην</em></span> <span class='ocrx_word' id='word_1_158' title='bbox 434 1813 760 1869; x_wconf 82' lang='grc' dir='ltr'><em>ἁλιευτικὸν</em></span> <span class='ocrx_word' id='word_1_159' title='bbox 795 1818 1054 1881; x_wconf 84' lang='grc' dir='ltr'><em>πρόσθεν</em></span> <span class='ocrx_word' id='word_1_160' title='bbox 1089 1818 1203 1868; x_wconf 74' lang='grc' dir='ltr'><em>τῶν</em></span> <span class='ocrx_word' id='word_1_161' title='bbox 1239 1818 1443 1883; x_wconf 79' lang='grc' dir='ltr'><em>θυρῶν</em></span> <span class='ocrx_word' id='word_1_162' title='bbox 1469 1819 1585 1867; x_wconf 74' lang='grc' dir='ltr'><em>τῶν</em></span> <span class='ocrx_word' id='word_1_163' title='bbox 1612 1812 1787 1867; x_wconf 86' lang='grc' dir='ltr'><em>αὑτοῦ</em></span> 
     </span>
     <span class='ocr_line' id='line_1_22' title="bbox 23 1891 1788 1989; baseline 0 -37"><span class='ocrx_word' id='word_1_164' title='bbox 23 1921 58 1954; x_wconf 45' lang='lat'><em>10</em></span> <span class='ocrx_word' id='word_1_165' title='bbox 88 1899 414 1968; x_wconf 83' lang='grc' dir='ltr'><em>καθήμενον</em></span> <span class='ocrx_word' id='word_1_166' title='bbox 448 1900 542 1952; x_wconf 86' lang='grc' dir='ltr'><em>καὶ</em></span> <span class='ocrx_word' id='word_1_167' title='bbox 579 1900 812 1953; x_wconf 83' lang='grc' dir='ltr'><em>δικτύου</em></span> <span class='ocrx_word' id='word_1_168' title='bbox 849 1899 1218 1989; x_wconf 90' lang='grc' dir='ltr'><em>διερρωγότος</em></span> <span class='ocrx_word' id='word_1_169' title='bbox 1254 1891 1543 1968; x_wconf 90' lang='grc' dir='ltr'><em>βροχίδας</em></span> <span class='ocrx_word' id='word_1_170' title='bbox 1548 1898 1788 1968; x_wconf 87' lang='grc' dir='ltr'><em>ἀκεόμε-</em></span> 
     </span>
     <span class='ocr_line' id='line_1_23' title="bbox 86 1981 1787 2085; baseline 0.001 -49"><span class='ocrx_word' id='word_1_171' title='bbox 86 2003 207 2036; x_wconf 87' lang='grc' dir='ltr'><em>νον.</em></span> <span class='ocrx_word' id='word_1_172' title='bbox 272 1983 586 2085; x_wconf 88' lang='grc' dir='ltr'><em>πλησιάσας</em></span> <span class='ocrx_word' id='word_1_173' title='bbox 613 1982 888 2054; x_wconf 55' lang='grc' dir='ltr'><em>δὴ“χαι”ρε</em></span> <span class='ocrx_word' id='word_1_174' title='bbox 894 1981 1074 2052; x_wconf 82' lang='grc' dir='ltr'><em>εἷπον,</em></span> <span class='ocrx_word' id='word_1_175' title='bbox 1103 2005 1146 2037; x_wconf 95' lang='grc' dir='ltr'><em>ω</em></span> <span class='ocrx_word' id='word_1_176' title='bbox 1175 1985 1453 2052; x_wconf 90' lang='grc' dir='ltr'><em>βέλτιστε,</em></span> <span class='ocrx_word' id='word_1_177' title='bbox 1483 2006 1579 2039; x_wconf 90' lang='grc' dir='ltr'><em>και</em></span> <span class='ocrx_word' id='word_1_178' title='bbox 1613 1983 1787 2055; x_wconf 83' lang='grc' dir='ltr'><em>φράζε</em></span> 
     </span>
     <span class='ocr_line' id='line_1_24' title="bbox 87 2065 1788 2139; baseline 0.001 -18"><span class='ocrx_word' id='word_1_179' title='bbox 87 2065 215 2122; x_wconf 83' lang='grc' dir='ltr'><em>ὅποι</em></span> <span class='ocrx_word' id='word_1_180' title='bbox 240 2087 323 2130; x_wconf 93' lang='grc' dir='ltr'><em>τις</em></span> <span class='ocrx_word' id='word_1_181' title='bbox 357 2067 430 2121; x_wconf 75' lang='grc' dir='ltr'><em>ἂν</em></span> <span class='ocrx_word' id='word_1_182' title='bbox 463 2067 623 2137; x_wconf 88' lang='grc' dir='ltr'><em>τύχοι</em></span> <span class='ocrx_word' id='word_1_183' title='bbox 657 2073 1002 2139; x_wconf 87' lang='grc' dir='ltr'><em>καταγωγῆς.</em></span> <span class='ocrx_word' id='word_1_184' title='bbox 1060 2068 1092 2123; x_wconf 86' lang='grc' dir='ltr'>ὃ</span> <span class='ocrx_word' id='word_1_185' title='bbox 1131 2069 1219 2137; x_wconf 91' lang='grc' dir='ltr'><em>δέ,</em></span> <span class='ocrx_word' id='word_1_186' title='bbox 1260 2067 1387 2138; x_wconf 89' lang='grc' dir='ltr'><em>περὶ</em></span> <span class='ocrx_word' id='word_1_187' title='bbox 1414 2067 1518 2139; x_wconf 83' lang='grc' dir='ltr'><em>τὴν</em></span> <span class='ocrx_word' id='word_1_188' title='bbox 1545 2073 1788 2139; x_wconf 88' lang='grc' dir='ltr'><em>πλησίον</em></span> 
     </span>
    </p>
   </div>
   <div class='ocr_carea' id='block_1_3' title="bbox 0 469 3 985">
    <p class='ocr_par' dir='ltr' id='par_1_3' title="bbox 0 469 3 985">
     <span class='ocr_line' id='line_1_25' title="bbox 0 469 3 985; baseline 0 0"><span class='ocrx_word' id='word_1_189' title='bbox 0 469 3 985; x_wconf 95' lang='lat' dir='ltr'><em> </em></span> 
     </span>
    </p>
   </div>
   <div class='ocr_carea' id='block_1_4' title="bbox 0 981 44 3132">
    <p class='ocr_par' dir='ltr' id='par_1_4' title="bbox 0 981 44 3132">
     <span class='ocr_line' id='line_1_26' title="bbox 0 981 44 3132; baseline 0 -1675"><span class='ocrx_word' id='word_1_190' title='bbox 0 981 44 3132; x_wconf 95' lang='lat' dir='ltr'><em>   </em></span> 
     </span>
    </p>
   </div>
   <div class='ocr_carea' id='block_1_5' title="bbox 13 2317 1788 2984">
    <p class='ocr_par' dir='ltr' id='par_1_5' title="bbox 13 2317 1787 2647">
     <span class='ocr_line' id='line_1_27' title="bbox 22 2317 1786 2393; baseline 0 -18"><span class='ocrx_word' id='word_1_191' title='bbox 22 2342 59 2391; x_wconf 69' lang='lat'><em>25»</em></span> <span class='ocrx_word' id='word_1_192' title='bbox 86 2327 317 2390; x_wconf 81' lang='grc' dir='ltr'><em>μαθεῖν·</em></span> <span class='ocrx_word' id='word_1_193' title='bbox 376 2320 524 2390; x_wconf 79' lang='grc' dir='ltr'><em>ὅμως</em></span> <span class='ocrx_word' id='word_1_194' title='bbox 559 2320 608 2375; x_wconf 87' lang='grc' dir='ltr'><em>δ’</em></span> <span class='ocrx_word' id='word_1_195' title='bbox 650 2317 755 2376; x_wconf 81' lang='grc' dir='ltr'><em>οὖν</em></span> <span class='ocrx_word' id='word_1_196' title='bbox 791 2338 1042 2393; x_wconf 86' lang='grc' dir='ltr'><em>χρηστως</em></span> <span class='ocrx_word' id='word_1_197' title='bbox 1079 2319 1151 2376; x_wconf 80' lang='grc' dir='ltr'><em>ἀν</em></span> <span class='ocrx_word' id='word_1_198' title='bbox 1189 2325 1411 2390; x_wconf 87' lang='grc' dir='ltr'><em>ποιοίης</em></span> <span class='ocrx_word' id='word_1_199' title='bbox 1451 2321 1545 2376; x_wconf 87' lang='grc' dir='ltr'><em>καὶ</em></span> <span class='ocrx_word' id='word_1_200' title='bbox 1580 2327 1786 2392; x_wconf 83' lang='grc' dir='ltr'><em>φιλαν-</em></span> 
     </span>
     <span class='ocr_line' id='line_1_28' title="bbox 13 2404 1783 2478; baseline 0.001 -19"><span class='ocrx_word' id='word_1_201' title='bbox 13 2456 17 2458; x_wconf 70' lang='grc'><em>,</em></span> <span class='ocrx_word' id='word_1_202' title='bbox 85 2408 333 2474; x_wconf 76' lang='grc' dir='ltr'><em>θρωπως</em></span> <span class='ocrx_word' id='word_1_203' title='bbox 356 2427 388 2475; x_wconf 94' lang='grc' dir='ltr'><em>η</em></span> <span class='ocrx_word' id='word_1_204' title='bbox 429 2405 597 2469; x_wconf 85' lang='grc' dir='ltr'><em>αὐτὸς</em></span> <span class='ocrx_word' id='word_1_205' title='bbox 631 2404 1044 2477; x_wconf 82' lang='grc' dir='ltr'><em>ὑποδεχόμενος</em></span> <span class='ocrx_word' id='word_1_206' title='bbox 1083 2406 1118 2476; x_wconf 80' lang='grc' dir='ltr'><em>ἢ</em></span> <span class='ocrx_word' id='word_1_207' title='bbox 1146 2406 1339 2476; x_wconf 83' lang='grc' dir='ltr'><em>ε’τερον</em></span> <span class='ocrx_word' id='word_1_208' title='bbox 1368 2406 1783 2478; x_wconf 82' lang='grc' dir='ltr'><em>ὑφηγούμενος.</em></span> 
     </span>
     <span class='ocr_line' id='line_1_29' title="bbox 87 2488 1787 2561; baseline 0 -17"><span class='ocrx_word' id='word_1_209' title='bbox 87 2491 180 2544; x_wconf 83' lang='grc' dir='ltr'><em>καὶ</em></span> <span class='ocrx_word' id='word_1_210' title='bbox 207 2488 295 2558; x_wconf 83' lang='grc' dir='ltr'><em>ὅς,</em></span> <span class='ocrx_word' id='word_1_211' title='bbox 334 2489 440 2544; x_wconf 83' lang='grc' dir='ltr'><em>οὐκ</em></span> <span class='ocrx_word' id='word_1_212' title='bbox 466 2489 663 2559; x_wconf 85' lang='grc' dir='ltr'><em>αὐτός,</em></span> <span class='ocrx_word' id='word_1_213' title='bbox 692 2497 892 2561; x_wconf 89' lang='grc' dir='ltr'><em>φησίν·</em></span> <span class='ocrx_word' id='word_1_214' title='bbox 933 2491 1003 2546; x_wconf 83' lang='grc' dir='ltr'><em>οὐ</em></span> <span class='ocrx_word' id='word_1_215' title='bbox 1041 2489 1153 2561; x_wconf 80' lang='grc' dir='ltr'><em>γὰρ</em></span> <span class='ocrx_word' id='word_1_216' title='bbox 1183 2494 1522 2546; x_wconf 60' lang='grc' dir='ltr'><em>συνέπλεον</em></span> <span class='ocrx_word' id='word_1_217' title='bbox 1566 2490 1638 2560; x_wconf 86' lang='grc' dir='ltr'><em>μὴ</em></span> <span class='ocrx_word' id='word_1_218' title='bbox 1680 2490 1787 2559; x_wconf 82' lang='grc' dir='ltr'><em>γὰρ</em></span> 
     </span>
     <span class='ocr_line' id='line_1_30' title="bbox 25 2572 1786 2647; baseline 0.002 -21"><span class='ocrx_word' id='word_1_219' title='bbox 25 2617 28 2620; x_wconf 88' lang='grc'>.</span> <span class='ocrx_word' id='word_1_220' title='bbox 88 2572 235 2627; x_wconf 81' lang='grc' dir='ltr'><em>οὕτω</em></span> <span class='ocrx_word' id='word_1_221' title='bbox 271 2577 404 2630; x_wconf 82' lang='grc' dir='ltr'><em>ποτὲ</em></span> <span class='ocrx_word' id='word_1_222' title='bbox 442 2579 683 2645; x_wconf 85' lang='grc' dir='ltr'><em>σφαλείη</em></span> <span class='ocrx_word' id='word_1_223' title='bbox 721 2577 860 2646; x_wconf 78' lang='grc' dir='ltr'><em>μηδὲ</em></span> <span class='ocrx_word' id='word_1_224' title='bbox 896 2574 1006 2631; x_wconf 85' lang='grc' dir='ltr'><em>ὑπὸ</em></span> <span class='ocrx_word' id='word_1_225' title='bbox 1044 2577 1230 2647; x_wconf 89' lang='grc' dir='ltr'><em>γήρως</em></span> <span class='ocrx_word' id='word_1_226' title='bbox 1270 2580 1528 2645; x_wconf 88' lang='grc' dir='ltr'><em>πιεσθείη</em></span> <span class='ocrx_word' id='word_1_227' title='bbox 1566 2581 1786 2646; x_wconf 84' lang='grc' dir='ltr'><em>Τυρρη-</em></span> 
     </span>
    </p>

    <p class='ocr_par' dir='ltr' id='par_1_6' title="bbox 19 2646 1788 2984">
     <span class='ocr_line' id='line_1_31' title="bbox 87 2646 1787 2730; baseline 0 -18"><span class='ocrx_word' id='word_1_228' title='bbox 87 2657 210 2728; x_wconf 81' lang='grc' dir='ltr'><em>νός·</em></span> <span class='ocrx_word' id='word_1_229' title='bbox 260 2657 383 2711; x_wconf 83' lang='grc' dir='ltr'><em>ἀλλ’</em></span> <span class='ocrx_word' id='word_1_230' title='bbox 427 2661 542 2713; x_wconf 85' lang='grc' dir='ltr'><em>ἔστι</em></span> <span class='ocrx_word' id='word_1_231' title='bbox 579 2670 825 2728; x_wconf 81' lang='grc' dir='ltr'><em>πταῖσμα</em></span> <span class='ocrx_word' id='word_1_232' title='bbox 862 2681 976 2714; x_wconf 92' lang='grc' dir='ltr'><em>των</em></span> <span class='ocrx_word' id='word_1_233' title='bbox 1014 2646 1349 2730; x_wconf 88' lang='grc' dir='ltr'><em>παιδαρίων,</em></span> <span class='ocrx_word' id='word_1_234' title='bbox 1405 2659 1633 2730; x_wconf 80' lang='grc' dir='ltr'><em>ἀπειρίᾳ</em></span> <span class='ocrx_word' id='word_1_235' title='bbox 1672 2680 1787 2713; x_wconf 92' lang='grc' dir='ltr'><em>των</em></span> 
     </span>
     <span class='ocr_line' id='line_1_32' title="bbox 41 2734 1786 2814; baseline 0.001 -20.012"><span class='ocrx_word' id='word_1_236' title='bbox 41 2759 63 2795; x_wconf 66' lang='grc' dir='ltr'><em>ι</em></span> <span class='ocrx_word' id='word_1_237' title='bbox 88 2739 327 2808; x_wconf 81' lang='grc' dir='ltr'><em>ὑφάλων</em></span> <span class='ocrx_word' id='word_1_238' title='bbox 353 2734 422 2795; x_wconf 79' lang='grc' dir='ltr'><em>οὗ</em></span> <span class='ocrx_word' id='word_1_239' title='bbox 446 2740 520 2812; x_wconf 87' lang='grc' dir='ltr'><em>μὴ</em></span> <span class='ocrx_word' id='word_1_240' title='bbox 542 2746 713 2813; x_wconf 85' lang='grc' dir='ltr'><em>ἐχρῆν</em></span> <span class='ocrx_word' id='word_1_241' title='bbox 739 2743 806 2798; x_wconf 78' lang='grc' dir='ltr'><em>τὰ</em></span> <span class='ocrx_word' id='word_1_242' title='bbox 828 2746 1030 2799; x_wconf 89' lang='grc' dir='ltr'><em>δίκτυα</em></span> <span class='ocrx_word' id='word_1_243' title='bbox 1057 2745 1549 2814; x_wconf 81' lang='grc' dir='ltr'><em>καθορμισάντων.</em></span> <span class='ocrx_word' id='word_1_244' title='bbox 1593 2744 1693 2807; x_wconf 81' lang='grc' dir='ltr'><em>ὀψε</em></span> <span class='ocrx_word' id='word_1_245' title='bbox 1718 2743 1786 2812; x_wconf 81' lang='grc' dir='ltr'><em>δὴ</em></span> 
     </span>
     <span class='ocr_line' id='line_1_33' title="bbox 19 2816 1787 2899; baseline -0.001 -20"><span class='ocrx_word' id='word_1_246' title='bbox 19 2846 23 2847; x_wconf 62' lang='grc'>’</span> <span class='ocrx_word' id='word_1_247' title='bbox 93 2816 200 2880; x_wconf 83' lang='grc' dir='ltr'><em>οὖν</em></span> <span class='ocrx_word' id='word_1_248' title='bbox 238 2829 430 2890; x_wconf 83' lang='grc' dir='ltr'><em>συνεὶς</em></span> <span class='ocrx_word' id='word_1_249' title='bbox 455 2847 530 2890; x_wconf 92' lang='grc' dir='ltr'><em>ως</em></span> <span class='ocrx_word' id='word_1_250' title='bbox 555 2830 876 2898; x_wconf 88' lang='grc' dir='ltr'><em>παχύτερον</em></span> <span class='ocrx_word' id='word_1_251' title='bbox 903 2833 1014 2898; x_wconf 82' lang='grc' dir='ltr'><em>ἔχει</em></span> <span class='ocrx_word' id='word_1_252' title='bbox 1041 2850 1138 2899; x_wconf 86' lang='grc' dir='ltr'><em>της</em></span> <span class='ocrx_word' id='word_1_253' title='bbox 1164 2827 1361 2898; x_wconf 86' lang='grc' dir='ltr'><em>ἀκοῆς,</em></span> <span class='ocrx_word' id='word_1_254' title='bbox 1401 2829 1787 2898; x_wconf 89' lang='grc' dir='ltr'><em>γεγωνότερον</em></span> 
     </span>
     <span class='ocr_line' id='line_1_34' title="bbox 97 2908 1788 2984; baseline 0 -22"><span class='ocrx_word' id='word_1_255' title='bbox 97 2908 404 2981; x_wconf 78' lang='grc' dir='ltr'><em>ἐμβοήσας,</em></span> <span class='ocrx_word' id='word_1_256' title='bbox 433 2915 648 2982; x_wconf 90' lang='grc' dir='ltr'><em>χαίρειν</em></span> <span class='ocrx_word' id='word_1_257' title='bbox 675 2915 890 2967; x_wconf 83' lang='grc' dir='ltr'><em>κελεύω</em></span> <span class='ocrx_word' id='word_1_258' title='bbox 919 2928 1041 2983; x_wconf 91' lang='grc' dir='ltr'><em>σοι,</em></span> <span class='ocrx_word' id='word_1_259' title='bbox 1079 2918 1241 2984; x_wconf 91' lang='grc' dir='ltr'><em>ε’φην,</em></span> <span class='ocrx_word' id='word_1_260' title='bbox 1275 2918 1367 2969; x_wconf 85' lang='grc' dir='ltr'><em>καὶ</em></span> <span class='ocrx_word' id='word_1_261' title='bbox 1396 2916 1628 2984; x_wconf 85' lang='grc' dir='ltr'><em>φράζειν</em></span> <span class='ocrx_word' id='word_1_262' title='bbox 1654 2909 1788 2980; x_wconf 80' lang='grc' dir='ltr'><em>ἡμῖν</em></span> 
     </span>
    </p>
   </div>
   <div class='ocr_carea' id='block_1_6' title="bbox 85 2149 1910 2325">
    <p class='ocr_par' dir='ltr' id='par_1_7' title="bbox 85 2149 1910 2318">
     <span class='ocr_line' id='line_1_35' title="bbox 85 2149 1909 2234; baseline 0.001 -28"><span class='ocrx_word' id='word_1_263' title='bbox 85 2149 286 2220; x_wconf 88' lang='grc' dir='ltr'><em>άκραν,</em></span> <span class='ocrx_word' id='word_1_264' title='bbox 326 2155 462 2222; x_wconf 79' lang='grc' dir='ltr'><em>ἔφη,</em></span> <span class='ocrx_word' id='word_1_265' title='bbox 512 2154 733 2234; x_wconf 88' lang='grc' dir='ltr'><em>χοιράδι</em></span> <span class='ocrx_word' id='word_1_266' title='bbox 780 2154 954 2226; x_wconf 89' lang='grc' dir='ltr'><em>πέτρα</em></span> <span class='ocrx_word' id='word_1_267' title='bbox 1002 2158 1098 2223; x_wconf 83' lang='grc' dir='ltr'><em>τῆς</em></span> <span class='ocrx_word' id='word_1_268' title='bbox 1136 2157 1474 2221; x_wconf 88' lang='grc' dir='ltr'><em>προτεραίας</em></span> <span class='ocrx_word' id='word_1_269' title='bbox 1514 2154 1788 2223; x_wconf 84' lang='grc' dir='ltr'><em>ε’νσχεθεν</em></span> <span class='ocrx_word' id='word_1_270' title='bbox 1862 2205 1866 2212; x_wconf 84' lang='grc'><em>,</em></span> <span class='ocrx_word' id='word_1_271' title='bbox 1903 2200 1909 2218; x_wconf 81' lang='lat'><em>,</em></span> 
     </span>
     <span class='ocr_line' id='line_1_36' title="bbox 86 2232 1910 2325; baseline 0.002 -36"><span class='ocrx_word' id='word_1_272' title='bbox 86 2235 526 2318; x_wconf 61' lang='lat' dir='ltr'><em>&amp;ceffnoioauvacy</em></span> <span class='ocrx_word' id='word_1_273' title='bbox 568 2237 757 2325; x_wconf 45' lang='grc' dir='ltr'><em>κάγωᾊ</em></span> <span class='ocrx_word' id='word_1_274' title='bbox 786 2243 954 2292; x_wconf 91' lang='grc' dir='ltr'><em>τοῦτο</em></span> <span class='ocrx_word' id='word_1_275' title='bbox 981 2241 1103 2307; x_wconf 87' lang='grc' dir='ltr'><em>μέν,</em></span> <span class='ocrx_word' id='word_1_276' title='bbox 1145 2241 1306 2308; x_wconf 81' lang='grc' dir='ltr'><em>ἑφην,</em></span> <span class='ocrx_word' id='word_1_277' title='bbox 1347 2238 1517 2292; x_wconf 83' lang='grc' dir='ltr'><em>οὐδεν</em></span> <span class='ocrx_word' id='word_1_278' title='bbox 1547 2232 1788 2308; x_wconf 82' lang='grc' dir='ltr'><em>ε’δεόμην</em></span> <span class='ocrx_word' id='word_1_279' title='bbox 1861 2272 1869 2278; x_wconf 40' lang='grc' dir='ltr'>ν</span> <span class='ocrx_word' id='word_1_280' title='bbox 1904 2272 1910 2286; x_wconf 59' lang='lat'><em>2</em></span> 
     </span>
    </p>
   </div>
  </div>
 </body>
</html>
