1916 3132
86 1088 151 1139 12

177 95 279 147 172
913 102 1157 150 ΕΚΤΟΝ

170 236 589 305 γνωρισμάτων
629 237 708 300 εἰς
744 233 1052 307 ὑποδοχήν,
1088 239 1313 327 ἐξῆπτο.
1391 237 1420 292 ὁ
1457 241 1869 313 δὲ’,Καλὴρνὶσιρις

170 319 273 389 τὴν
298 321 403 389 μὲν
429 321 719 390 φαρέτραν
744 326 841 390 τῆς
861 316 1200 390 Χαρικλείας
1222 316 1866 394 τετρυχωμένοιςΒκωδί-

170 396 266 466 ot&
280 403 601 473 ἐνειλήσαςζ
633 403 707 468 ὡς
731 406 802 475 δή
827 426 879 459 τι
907 409 1145 476 φορτίον
1169 408 1380 479 ἕτερον,
1423 407 1512 462 ἐπὶ
1545 412 1660 461 τῶν
1694 407 1865 478 ὤμων

171 478 698 559 ἐγκάρσιονῆἔφερε,
738 489 800 543 τὸ
838 491 899 544 δὲ
937 491 1100 554 τόξον
1137 496 1235 562 τῆς
1269 497 1477 561 νευρᾶς
1513 493 1861 562 παραλύσας,

171 573 364 643 ἐπειδὴ
391 574 621 642 τάχιστα
647 572 787 643 πρὸς
812 572 874 626 τὸ
903 573 1219 646 εὐθύτερον
1253 575 1611 647 ἄνεκάμφθη,
1647 580 1862 647 βακτη-

171 660 298 722 ρίαν
326 667 451 711 ταῖν
477 667 669 727 χεροῖν
697 658 955 728 ἐποιεῖτο,
983 659 1160 723 πολύς
1184 681 1243 714 τε
1269 659 1414 732 αὐτῇ
1439 663 1532 715 καὶ
1556 660 1734 731 βαρὺς
1765 663 1864 730 έμ-

169 744 409 824 πίπτωυ.
483 742 575 795 καὶ
602 748 657 796 εἴ
688 743 766 814 πῄ
790 757 937 797 τισιν
965 743 1359 814 ἐντευξόμενος
1396 746 1638 813 προΐδοι,
1678 745 1863 815 κυφό-

168 825 388 896 τητοὶὒτε
414 826 587 880 πλέον
615 828 952 896 ἐπετήδευεν
981 825 1017 898 ἢ
1052 829 1114 882 τὸ
1151 832 1327 898 γῆρας
1365 829 1728 898 ἐπηνάγκαζε,
1768 831 1862 883 καὶ

167 919 290 963 τοῖν
317 914 543 964 σκελοῖν
567 911 815 981 θάτερον
840 911 1210 982 παρεσύρετο,
1238 913 1377 982 πρὸς
1401 919 1499 982 τῆς
1527 917 1863 983 Χαρικλείας

169 993 295 1047 ἔσθ’
324 993 414 1048 ὅτε
452 997 981 1065 χειραγωγούμενος.

273 1077 507 1147 κάπειδή
535 1078 603 1133 τοὶ
628 1085 725 1149 τῆς
759 1077 1109 1149 ὑποκρίσεως
1145 1079 1336 1144 αὐτοῖς
1373 1082 1730 1151 διηκρίβωτο,
1766 1101 1858 1151 μι-

168 1162 276 1230 κροὶ
314 1162 408 1216 καὶ
449 1165 871 1229 ἐπισκώψαντες
909 1167 985 1227 εἰς
1019 1165 1317 1235 ἀλλήλους,
1357 1164 1450 1218 καὶ
1477 1162 1550 1228 ὥς
1573 1167 1772 1236 πρέπει
1796 1165 1859 1220 τὸ

167 1251 350 1316 σχῆμα
387 1249 628 1316 θάτερος
663 1249 883 1321 θατέρῳ
924 1249 1321 1316 έπιχλευοέσας,
1371 1249 1472 1303 τόν
1508 1269 1567 1302 τε
1605 1248 1859 1319 εἰληχότα

168 1333 407 1402 δαίμονα
446 1336 645 1402 στῆσαι
681 1331 749 1385 τοὶ
790 1332 948 1387 δεινοὶ
972 1336 1130 1402 μέχρι
1156 1337 1299 1402 γοῦν
1323 1333 1543 1387 τούτων
1568 1336 1662 1387 καὶ
1687 1332 1858 1404 ἄρκε-

167 1420 378 1485 σθῆναι
404 1418 910 1485 παρακαλέσαντες,
939 1420 1219 1471 ἔσπευδον
1247 1419 1338 1471 ἐπὶ
1356 1422 1590 1493 Βῆσσαν
1614 1417 1718 1487 τήν
1743 1418 1857 1472 κω’-

166 1521 297 1569 μην,
338 1493 409 1554 οῧ
446 1499 546 1553 τὸν
574 1503 862 1571 Θεαγένην
898 1502 991 1555 καὶ
1025 1501 1125 1555 τόν
1153 1502 1376 1571 Θύαμιν
1404 1503 1731 1566 ἐλπίσαντες
1757 1501 1858 1557 εὑ·-

168 1580 810 1653 ρήσεινὶἆπετύγχανον.
878 1584 1005 1653 ἄρτι
1041 1584 1149 1656 γάρ
1188 1587 1255 1656 τῇ
1290 1587 1484 1657 Βήσσῃ
1522 1589 1651 1656 περὶ
1689 1587 1857 1641 δύσιν

166 1667 328 1738 ἡλίου
367 1671 765 1738 πλησιάζοντες
799 1673 1019 1738 πλῆθος
1055 1691 1107 1724 τι
1134 1673 1408 1740 κειμένων
1433 1675 1656 1739 νεκρῶν
1682 1669 1857 1738 ὁρῶσι

165 1758 519 1823 νεοσφαγεόν,
558 1758 673 1806 τῶν
707 1755 813 1822 μὲν
847 1754 1128 1807 πλειόνων
1152 1756 1395 1823 Περσῶν
1422 1752 1565 1809 εἶναι
1590 1758 1657 1825 τῇ
1685 1759 1858 1826 στολῇ

164 1857 223 1891 τε
249 1838 339 1890 καὶ
370 1840 707 1891 καθοπλίσει
732 1839 1175 1907 γνωριζομένων,
1216 1837 1423 1906 ὀλίγων
1458 1841 1521 1892 δὲ
1554 1843 1727 1892 τινοῖν
1755 1838 1850 1908 ἐγ·-

163 1924 405 1991 χωρίων.
465 1923 558 1974 καὶ
595 1921 842 1990 πόλεμον
878 1922 982 1990 μὲν
1019 1919 1163 1974 εἶναι
1197 1920 1260 1975 τὸ
1286 1924 1470 1991 δρᾶμα
1498 1927 1733 1991 εἴκαζον,
1770 1926 1855 1976 τί-

165 2027 285 2060 νων
311 2007 373 2059 δὲ
399 2006 493 2059 καὶ
519 2003 658 2073 πρὸς
682 2009 839 2068 τίνας
861 2004 1136 2074 ἠπόρουν,
1173 2007 1275 2068 ἕως
1311 2005 1701 2076 ἐπιπαριόντες
1725 2005 1855 2070 τούς

164 2090 422 2160 νεκρούς,
450 2090 544 2141 καὶ
569 2088 683 2158 ἅμα
708 2094 1187 2159 περισκοποῦντες
1211 2091 1286 2158 μή
1312 2090 1424 2143 πού
1448 2110 1531 2154 τις
1556 2100 1734 2144 κεῖται
1760 2092 1855 2144 καὶ

163 2178 277 2228 τῶν
303 2175 529 2227 οἰκείων
556 2175 759 2242 (δειναὶ
795 2173 902 2245 γὰρ
942 2176 1004 2227 αἱ
1037 2172 1210 2243 ψυχαὶ
1248 2174 1377 2243 περὶ
1414 2184 1530 2238 τοῖς
1567 2174 1854 2244 φιλτάτοις

162 2260 230 2313 τὰ
280 2256 572 2324 δεινότερα
617 2258 1048 2327 μαντεύεσθαι),
1098 2262 1314 2329 γυναίῳ
1360 2258 1852 2328 προστυγχάνουσι

164 2345 540 2414 πρεσβυτικῷ,
581 2342 794 2411 σώματι
833 2343 944 2395 τῶν
984 2345 1271 2412 ἐγχωρίων
1309 2343 1732 2410 προσπεφυκότι
1758 2340 1853 2396 καὶ

163 2430 468 2489 παντοίους
506 2427 781 2496 ἐγείροντι
816 2426 1085 2497 θρήνους.
1142 2429 1396 2494 ἔγνωσαν
1422 2420 1527 2478 οὖν
1555 2427 1853 2495 ἐπιχειρεῖν

157 2509 390 2591 ιιι-παρα
417 2514 514 2578 τῆς
538 2511 940 2578 πρεσβύτιδος,
979 2513 1030 2564 εἰ
1052 2504 1175 2564 οἷόν
1199 2509 1701 2597 τεῷἐκμανθᾼαζνψειν.
1757 2510 1853 2563 καὶ

162 2594 689 2664 παρακαθισάμενοι
745 2599 939 2662 πρῶτα
989 2596 1092 2664 μὲν
1141 2597 1611 2664 παραμυθεῖσθαί
1650 2613 1711 2647 τε
1757 2594 1851 2647 καὶ

1889 1013 1916 1057 ιι

1887 1443 1916 1476 1²

1882 1862 1916 1894 2(

1881 2274 1916 2308 25

161 2680 555 2734 καταστέλλειν
579 2679 679 2732 τὸν
705 2676 851 2746 ἄγαν
876 2682 1097 2748 θρῆνον
1121 2679 1444 2746 ἐπειρῶντο,
1466 2680 1653 2731 ἔπειτα
1671 2690 1847 2746 προσ-
1877 2691 1916 2736 30

163 2766 401 2833 ιεμένης,
420 2762 489 2816 ὅν
508 2782 632 2816 τινα
655 2766 894 2832 πενθοίη
915 2763 1009 2816 καὶ
1027 2766 1110 2825 τίς
1140 2760 1168 2815 ὁ
1200 2762 1440 2830 πόλεμος
1465 2760 1719 2830 ἥρω’των,
1748 2764 1851 2814 τοῦ

163 2849 541 2917 Καλασίριὸος
558 2846 696 2916 πρὸς
717 2847 778 2900 τὸ
796 2846 1036 2922 γύναιον
1057 2846 1523 2915 αἰγυπτιάζοντος.
1570 2844 1608 2913 ἢ
1636 2845 1698 2897 δὲ
1728 2846 1856 2906 ἔλεε
