1916 3132
93 95 161 148 72
752 103 797 146 Δ
808 102 1128 149 ΕΥΤΕΡΟΝ

92 255 245 300 τινος
270 236 366 289 καὶ
392 233 565 300 αὐτὸς
584 235 808 306 ἀηδοῦς,
840 237 1242 307 ἐκπεμφθῆναι
1266 237 1613 308 πρεσβευτὴς
1637 237 1790 308 παρὰ

93 318 198 373 τὸν
234 319 530 388 Αἰγύπτου
568 321 863 391 σατράπην
914 320 1469 392 ἐπραγματευσάμην.
1542 325 1637 376 καὶ
1672 322 1789 393 ἥκω

92 405 306 474 ταύτην
344 407 827 474 συνεπαγόμενος,
869 406 1173 458 διαθέσθαι
1207 404 1275 458 τὰ
1308 405 1433 460 κατ’
1475 404 1652 476 αὐτὴν
1691 407 1789 462 ἐν-

91 489 472 558 θυμούμενος.
514 491 608 542 καὶ
635 493 713 559 τῷ
731 489 835 558 μὲν
857 483 992 541 ὅσον
1015 487 1238 542 οὐδέπω
1266 489 1393 559 περὶ
1418 482 1500 544 ὦν
1517 490 1635 561 ἥκω
1662 493 1787 546 δια-

91 574 442 642 λεχθήσομαι
463 571 942 644 (χρηματίσαίγάρ
959 569 1097 642 ἡμῖν
1114 572 1358 643 τήμερον
1379 574 1786 646 ἐπηγγείλατο),
1816 593 1837 626 5

91 655 181 711 σοὶ
219 659 282 712 δὲ
320 658 414 712 καὶ
439 664 596 720 θεοῖς
631 667 747 721 τοῖς
782 656 962 720 οὕτως
989 658 1353 726 ἐπιτρέψασιν
1381 657 1661 730 ἐγχειρίζω
1684 659 1789 730 τὴν

91 743 271 812 κόρην
311 743 404 796 ἐπὶ
442 743 757 812 συνθήκαις
793 751 912 805 ταῖς
951 741 1242 812 ἐνωμότως
1277 739 1412 811 ἡμῖν
1437 746 1786 815 γενομέναις,

89 817 126 895 ἦ
150 827 264 896 μὴν
292 828 605 897 ἐλευθέραν
624 829 838 896 ταύτην
856 826 1003 891 ἕξειν
1023 827 1116 880 καὶ
1140 825 1424 898 ἐλευθέρῳ
1445 828 1587 897 πρὸς
1603 829 1788 899 γοὶμον

75 910 391 980 ἐκδώσειν,
432 911 772 981 <ἐπιδώσειν
809 912 869 965 δὲ
905 908 1009 979 τὴν
1047 913 1305 981 ταινίαν>
1342 911 1571 982 ταύτην,
1608 912 1681 981 ἢν
1716 912 1785 982 δή

0 998 66 1062 ᾗ).
92 994 187 1047 καὶ
214 991 384 1058 αὐτὸς
409 999 602 1065 κομίζῃ
630 994 763 1066 παρ’
791 994 973 1065 ἡμων,
1010 998 1226 1064 μᾶλλον
1261 995 1323 1050 δὲ
1358 999 1456 1065 τῆς
1482 996 1788 1066 ἐκθεμένης
1818 1015 1857 1048 10

90 1082 313 1181 μητρός.
378 1081 623 1134 πιστεύω
664 1081 728 1134 δέ
763 1095 826 1133 σε
865 1080 1047 1132 πάντα
1087 1079 1435 1147 ἐμπεδώσειν
1470 1102 1538 1134 τα
1577 1079 1789 1151 ωμιλη-

16 1211 20 1221 ,,
87 1164 258 1234 μένα,
298 1174 414 1228 τοις
448 1184 508 1218 τε
547 1163 736 1234 ὅρκοις
762 1162 1130 1234 ἄποθαρσων,
1175 1166 1267 1218 καὶ
1304 1163 1406 1219 τὸν
1444 1163 1549 1219 σὸν
1574 1154 1810 1235 τρόπον

91 1248 153 1301 ἐκ
191 1252 423 1303 πολλών
461 1269 576 1303 των
613 1248 841 1319 ἡμερων
869 1269 950 1301 ων
992 1247 1202 1302 ἐνθαδε
1228 1250 1440 1318 διάγεις
1459 1231 1787 1338 Ελληνικῗῆ)

89 1331 227 1386 ὄντα
265 1337 339 1385 τώ
373 1331 496 1387 ὄντι
531 1334 1039 1402 περιειργασμένος.

2 1417 73 1471 32
197 1421 373 1471 ταῦτα
412 1433 501 1472 σοι
527 1421 638 1471 νῦν
677 1414 828 1487 εἶχον
854 1418 1039 1486 λέγειν
1068 1418 1538 1488 ἐπιτετμημένως,
1577 1419 1784 1473 καλού-
1816 1437 1858 1471 15

89 1516 189 1571 σης
225 1522 293 1571 με
328 1507 426 1571 τῆς
455 1501 596 1555 κατα
625 1501 728 1572 τὴν
764 1504 1070 1571 πρεσβείαν
1100 1504 1303 1571 χρείας.
1366 1501 1435 1556 τοὶ
1469 1505 1785 1574 σαφέστερα

89 1586 151 1638 δὲ
189 1587 283 1638 καὶ
331 1585 699 1656 ἀκριβέστερα
749 1589 863 1639 τών
911 1585 1051 1639 κατὰ
1098 1584 1202 1653 τήν
1251 1585 1428 1656 κόρην
1467 1589 1546 1650 εἰς
1582 1585 1785 1657 αὔριον

86 1671 382 1740 μυηθήσῃ,
422 1672 550 1737 περὶ
587 1669 687 1723 τὸν
723 1671 871 1724 νειὸν
908 1674 1005 1738 τῆς
1020 1668 1229 1732 Ἴσιδος
1267 1671 1535 1739 ἐντυχών.

200 1753 433 1807 ἐποίουν
460 1753 660 1822 οὕτως,
688 1753 783 1807 καὶ
809 1751 1155 1821 παραλαβών
1178 1753 1283 1822 τὴν
1303 1754 1480 1824 κόρην
1499 1750 1641 1826 ἦγον
1661 1758 1784 1811 ἐπι-

90 1837 348 1903 καλύψας
385 1838 462 1901 ώς
500 1837 758 1907 ἐμαυτόν.
824 1836 1092 1906 κάκείνην
1116 1837 1220 1904 μὲν
1246 1836 1350 1906 τήν
1387 1838 1603 1908 ἡμέραν
1629 1837 1782 1910 εἶχον
1812 1859 1854 1892 20

89 1923 153 1975 ἐν
179 1926 481 1994 θεραπείᾳ,
519 1921 701 1975 πολλοὶ
738 1921 1266 1992 φιλοφρονούμενος
1299 1922 1393 1974 καὶ
1428 1924 1645 1993 πολλὴν
1671 1934 1786 1989 τοῖς

85 2012 243 2070 θεοῖς
277 2004 572 2075 ὁμολογῶν
605 2007 790 2075 χάριν,
840 2004 1084 2059 αὐτόθεν
1117 2025 1179 2058 τε
1215 2006 1463 2073 ἐμαυτοῦ
1479 2001 1784 2079 <θυγατέρα

91 2090 186 2144 καὶ
225 2090 481 2161 ἐνόμιζον
519 2092 616 2144 καὶ
653 2090 971 2160 ω’νόμαζον·
1017 2091 1094 2153 εἰς
1120 2091 1182 2142 δὲ
1208 2088 1313 2159 τὴν
1339 2089 1643 2160 ὑστεραίαν
1669 2091 1783 2162 ἅμα

86 2172 267 2246 ἡμέρα
304 2178 435 2229 λίαν
475 2177 944 2244 ἐσπουδασμένως
982 2175 1074 2229 ἐπὶ
1121 2173 1219 2227 τὸν
1257 2174 1406 2228 νεών
1442 2180 1540 2244 τῆς
1558 2174 1780 2246 Ἴσιδος,

92 2250 271 2326 οὗπερ
313 2260 683 2313 συνετέτακτό
721 2280 815 2329 μοι
840 2258 981 2327 πρὸς
1015 2256 1117 2312 τὸν
1155 2258 1336 2327 ξένον,
1375 2258 1625 2330 ὥρμησα.
1689 2258 1783 2315 κἀὶ
1812 2278 1855 2312 25

85 2346 320 2397 πλεῖστα
349 2343 830 2414 ἐμπεριπατήσας,
873 2343 1174 2412 ἐπειδήπερ
1215 2341 1479 2412 ἐφαίνετο
1506 2343 1780 2414 οὐδαμοῦ,

86 2428 543 2498 παραγενόμενος
571 2430 651 2491 εἰς
677 2448 743 2481 τα
772 2436 1115 2497 σατραπεῖα,
1152 2425 1252 2494 τὸν
1273 2428 1676 2501 πρεσβευτὴν
1667 2448 1782 2503 των

79 2511 388 2583 Αἰθιόπων
416 2516 473 2565 εἴ
488 2531 571 2575 τις
598 2511 761 2580 ἑώρα,
792 2512 1218 2581 ἐπυνθανόμην.
1258 2514 1359 2563 καί
1378 2514 1477 2579 μοί
1492 2531 1575 2575 τις
1600 2512 1782 2582 απήγ-

85 2598 286 2663 γελλεν
312 2615 386 2658 ως
413 2595 728 2696 ἐξώρμησε,
766 2599 984 2665 μᾶλλον
1010 2596 1072 2650 δὲ
1100 2594 1446 2665 ἐξελήλαται,
1484 2594 1592 2666 πρὸ
1617 2594 1781 2664 ἡλίου

87 2681 320 2749 δυσμών
358 2681 409 2732 εἰ
439 2678 513 2749 μὴ
551 2683 666 2733 τών
693 2678 842 2749 ὅρων
871 2679 1030 2743 ἐκτὸς
1054 2681 1298 2748 γένοιτο,
1337 2681 1595 2734 θάνατον
1628 2677 1780 2750 αὐτω
1807 2696 1850 2730 3ο
1914 2748 1916 2750 ³

85 2769 188 2816 τοῦ
227 2764 517 2833 σατράπου
556 2765 1036 2832 διαπειλήσαντος.
1104 2762 1243 2831 ἐμοῦ
1278 2763 1340 2816 δὲ
1365 2765 1650 2832 ,ἐρομένου
1675 2761 1779 2832 τήν

86 2849 299 2918 αἰτίαν,
340 2847 450 2918 ὅτι,
492 2850 598 2917 ἔφη
639 2845 667 2899 ὁ
705 2847 1100 2918 ἀπαγγέλλων,
1144 2847 1438 2900 ἐπέταττεν
1473 2845 1778 2916 ἀπέχεσθαι
