1916 3132
207 66 313 117 110
383 124 386 128 .
935 67 1097 111 LIBRI
1128 67 1170 111 V

204 188 432 240 fluctuat
451 190 510 251 *et
541 187 787 256 quamuis
820 190 1023 240 statuto
1056 188 1279 242 consilio
1313 192 1365 241 et
1397 189 1667 244 obstinato
1698 191 1894 264 animo,

205 262 313 314 iam
369 265 547 313 tamen
602 261 827 314 facinori
879 268 1069 315 manus
1125 263 1414 316 admonens
1469 264 1639 318 adhuc
1692 265 1894 320 incerta

205 336 418 389 consilii
479 335 681 387 titubat
733 336 1024 406 multisque
1079 337 1398 390 calamitatis
1461 357 1585 392 suae
1647 339 1892 394 distrahi·

203 414 293 462 tur
341 410 634 474 affectibus.
689 409 911 463 festinat
958 411 1157 480 differt,
1197 412 1355 464 audet
1401 413 1656 482 trepidat,
1695 413 1893 468 diffidit

203 484 452 536 irascitur
491 486 558 552 et,
599 485 742 553 quod
780 488 863 537 est
899 484 1168 554 ultimum⁷
1206 486 1262 553 in
1301 487 1485 539 eodem
1518 505 1737 556 corpore
1776 489 1890 542 odit

203 558 447 626 bestiam,
487 558 667 628 diligit
705 559 972 612 maritum.
1050 579 1275 628 uespera
1311 564 1491 613 tamen
1528 562 1637 614 iam
1675 566 1888 616 noctem

201 632 446 685 trahente
506 632 788 702 praecipiti
848 634 1061 686 festina·
1125 635 1196 704 [p.
1224 635 1308 687 91.
1341 634 1428 703 E]
1490 635 1636 688 tione
1697 636 1889 690 nefarii

202 707 438 760 sceleris
462 706 683 759 instruit
722 711 1050 776 apparatum.
1126 727 1234 760 nox
1286 709 1515 778 [ad]erat
1564 713 1618 762 et
1662 711 1888 764 maritus

202 782 384 834 aderat
428 782 685 850 priusque
730 782 1207 851 ueneris-proeliis
1233 774 1538 848 ‚uelitatus'
1548 784 1678 853 (in)
1718 784 1887 838 altum

201 874 447 925 soporem
487 855 841 908 descenderat.
917 855 1087 908 XXII.
1137 860 1267 909 tunc
1304 857 1512 926 Psyche
1551 861 1606 910 et
1643 859 1916 927 corporis:

201 934 255 983 ct
309 929 474 982 animi
524 929 764 998 alioquin
818 931 1055 999 infirma,
1105 930 1204 983 fati
1258 933 1439 983 tamen
1492 931 1718 990 saeuitia
1768 933 1888 985 sub-

200 1005 539 1057 ministrante
579 1004 786 1056 uiribus
825 1005 1109 1057 roboratur
1147 1008 1201 1057 et
1231 1004 1440 1073 prolata
1470 1005 1686 1058 lucerna
1716 1010 1770 1059 et
1801 1006 1913 1059 ad-l

199 1082 352 1148 repta
390 1078 652 1130 nouacula
691 1097 878 1130 sexum
911 1079 1130 1131 audacia
1167 1083 1416 1132 mutatur.
1494 1079 1586 1132 sed
1623 1098 1743 1132 cum
1782 1081 1887 1149 pri-

199 1172 347 1206 mum
384 1152 605 1204 luminis
646 1152 915 1205 oblatione
962 1154 1068 1205 tori
1116 1157 1317 1206 secreta
1367 1153 1709 1223 claruerunt,
1739 1154 1887 1208 uidet

201 1227 441 1280 omnium
479 1226 714 1278 ferarum
753 1227 1094 1279 mitissimam
1135 1227 1603 1296 dulcissimamque
1641 1228 1916 1298 bestiam‚1

199 1302 377 1371 ipsum
431 1300 586 1352 illum
639 1300 955 1373 Cupidinem
1008 1301 1342 1354 formonsum
1404 1302 1560 1354 deum
1613 1302 1883 1356 formonse

198 1377 506 1443 cubantem,
545 1375 696 1427 cuius
737 1379 955 1444 aspectu
1000 1375 1247 1428 lucernae
1287 1394 1498 1445 quoque
1534 1376 1715 1428 lumen
1752 1375 1883 1428 hila·

198 1454 375 1502 ratum
416 1449 708 1501 increbruit
741 1453 794 1502 et
833 1450 1093 1502 acuminis
1133 1449 1379 1520 sacrilegi
1416 1449 1731 1502 nouaculam
1761 1468 1899 1518 pac·-

166 1555 170 1558 ·
197 1524 414 1576 nitebat.
457 1527 511 1575 at
536 1542 662 1576 uero
686 1523 895 1597 {syche
920 1527 1071 1576 tanto
1098 1528 1314 1593 aspectu
1340 1524 1593 1577 deterrita
1623 1527 1676 1576 et
1706 1524 1881 1593 impos
1906 1534 1911 1538 '

199 1598 385 1666 animi,
431 1597 666 1649 marcido
705 1598 907 1666 pallore
955 1598 1160 1650 defecta
1204 1598 1542 1667 tremensque
1582 1596 1811 1650 desedit³
1823 1598 1916 1652 1111

97 1731 103 1737 ,
135 1719 139 1722 .
197 1673 335 1724 imos
372 1669 633 1740 poplites&
645 1674 698 1723 et
735 1672 936 1724 ferrum
977 1673 1185 1740 quaerit
1222 1672 1542 1725 abscondere
1574 1672 1667 1724 sed
1696 1673 1751 1724 in
1782 1690 1879 1724 suo
1911 1686 1914 1688 ’

196 1749 425 1815 pectore.
466 1745 608 1814 quod
639 1746 877 1812 profecto
902 1746 1130 1814 fecisset,
1154 1747 1259 1808 nisi
1289 1746 1490 1798 ferrum
1520 1746 1712 1814 timore
1742 1746 1879 1798 tanti

197 1820 392 1890 flagitii
421 1819 669 1871 manibus
693 1819 989 1871 temerariis
1022 1819 1296 1888 delapsum
1329 1820 1607 1872 euolasset.
1668 1820 1878 1888 iamque

198 1894 354 1963 lassa,
391 1893 563 1945 salute
595 1892 799 1945 defecta
831 1892 956 1944 dum
988 1893 1198 1961 saepius
1231 1893 1400 1946 diuini
1423 1893 1607 1945 uultus
1639 1893 1879 1946 intuetur

197 1967 672 2037 pulchritudinem!
722 1970 989 2019 recreatur
1039 1967 1214 2044 animi.
1292 1967 1440 2019 uidet
1489 1966 1680 2035 capitis
1731 1967 1877 2019 aurei
1900 1989 1916 2021 fl

197 2042 459 2111 genialem
521 2041 805 2094 caesariem
874 2040 1140 2093 ambrosia
1205 2036 1597 2109 temulentam?
1644 2040 1875 2093 ceruices

196 2116 393 2168 lacteas
433 2133 700 2185 genasque
739 2133 1032 2183 purpureas
1063 2118 1394 2183 pererrantes
1427 2114 1652 2166 crinium
1685 2114 1876 2184 globos

198 2184 460 2242 decoriter
498 2189 797 2257 impeditos,
838 2189 968 2241 alios
1002 2188 1398 2257 antependulos⁷
1438 2188 1569 2240 alios
1607 2191 1875 2257 retropen-

1289 2388 1323 2409 r1

314 2429 339 2466 2
371 2423 570 2467 facinori
602 2423 659 2480 (ri
689 2426 742 2467 in
770 2426 878 2480 ras.)
909 2437 1031 2477 man3
1064 2421 1099 2464 F
1151 2420 1418 2464 facinosuas
1449 2438 1485 2477 φ
1525 2421 1583 2478 (ri
1614 2427 1655 2466 et
1684 2435 1736 2465 as
1766 2422 1871 2466 add.

197 2498 250 2526 m.
283 2485 339 2539 r.)
377 2482 663 2526 facinorosas
696 2485 725 2526 ὃ
765 2481 963 2526 facinori
995 2495 1101 2524 suas
1140 2482 1278 2538 uulyo
1410 2483 1436 2523 8
1478 2481 1684 2538 [ad]erat
1713 2481 1876 2538 scripsi

196 2547 236 2587 8.
256 2548 280 2585 9
313 2541 508 2585 maritus
541 2542 799 2586 aduenerat
821 2542 1033 2585 Beroald.
1125 2545 1150 2583 9
1182 2539 1403 2596 priusque
1428 2540 1574 2584 Kron.
1604 2538 1872 2595 primusque

194 2602 292 2645 cdd.
325 2601 629 2658 protinusque
646 2602 778 2645 Jahn.
796 2601 846 2644 E.
923 2597 1124 2643 ueneriis
1149 2598 1304 2642 Rohde
1382 2598 1501 2656 (in)
1519 2598 1649 2643 Hizd.
1666 2599 1722 2653 cf.
1735 2597 1870 2656 Fulq.

197 2660 423 2717 (Mwnck.)
448 2665 611 2716 p.115.
633 2665 686 2704 16
810 2665 864 2702 13
895 2660 1104 2702 mutatur
1133 2658 1256 2701 Iahn
1292 2656 1497 2701 mutauit
1527 2657 1563 2700 F
1596 2656 1684 2714 (uit
1706 2658 1759 2701 im
1779 2671 1869 2701 ‘ra-3.

193 2764 250 2792 m.
283 2751 339 2805 r.)
371 2748 511 2806 q226g
555 2729 741 2792 mutatli
773 2749 831 2804 φ1
929 2751 1074 2791 18.19
1111 2746 1391 2789 nouaculam
1428 2734 1703 2802 paenitebat
1739 2744 1872 2800 Ligu.

194 2807 427 2851 nouacula
462 2807 762 2864 praenitebat
801 2808 899 2851 cdd.
999 2810 1069 2850 23.
1088 2809 1144 2847 24
1180 2804 1377 2861 ipsaque
1414 2804 1550 2860 lapsa
1579 2805 1610 2847 ἃ
1705 2808 1761 2846 25
1799 2814 1871 2846 re·-

195 2869 379 2910 creatur
409 2865 646 2922 animique
679 2880 777 2910 sese
810 2866 1015 2935 angebat
1044 2863 1159 2908 facti
1189 2863 1404 2920 penitens
1435 2865 1464 2907 ὃ

1393 3093 1444 3132 ‘L
