1916 3132
666 118 793 164 CAP.
825 118 1209 165 XXIII—XXIIII
1679 122 1785 175 271

0 241 6 249 .
0 0 62 157 443AE

93 258 310 294 necesse
334 244 428 294 est.
485 258 612 311 ergo
637 241 781 310 quod
805 241 978 294 solum
1003 244 1183 310 potest
1206 242 1321 295 sine
1343 242 1555 312 piaculo
1580 243 1646 296 ad
1669 263 1789 313 pro-

94 315 343 368 fanorum
366 314 762 385 intellegentias
786 316 1053 368 enuntiari
1077 316 1317 370 referam.
1372 315 1598 370 XXIIII
1632 337 1788 372 mane

92 389 296 443 factum
335 393 418 442 est
456 393 510 442 et
546 389 797 458 perfectis
846 389 1195 444 sollemnibus
1233 391 1470 459 processi
1508 392 1786 446 duodecim

95 464 317 517 sacratis
364 463 524 547 stohs
563 463 798 532 <iniectis
842 465 1120 534 stipatus),
1168 464 1358 517 habitu
1406 466 1620 535 quidem
1666 467 1784 520 reli-

20 559 70 592 5
94 538 248 608 gioso
287 537 441 607 satis,
487 536 581 590 sed
626 537 776 590 effari
815 536 878 590 de
918 556 979 590 eo
1025 538 1175 591 nullo
1222 539 1437 592 uinculo
1484 539 1787 611 prohibeor,

93 612 291 682 quippe
329 611 473 681 quod
518 614 646 664 tunc
684 612 942 680 temporis
982 613 1164 666 uidere
1206 617 1512 682 praesentes
1550 614 1784 683 plurimi.

90 703 318 755 namque
364 685 420 738 in
460 686 578 754 ipso
625 686 769 738 aedis
817 704 995 738 sacrae
1034 687 1334 740 meditullio
1383 691 1504 740 ante
1553 689 1678 742 deae
1718 690 1784 743 si-

87 759 386 813 mulacrum
426 759 779 813 constitutum
827 760 1064 812 tribunal
1109 761 1346 831 ligneum
1388 762 1565 814 iussus
1605 781 1784 832 super-

88 834 222 903 stiti,
259 828 483 902 byssina
521 834 735 903 quidem
777 834 870 886 sed
911 835 1099 887 floride
1139 835 1352 904 depicta
1387 839 1537 889 ueste
1578 838 1783 907 conspi-

14 924 66 964 ιο
82 925 232 962 cuus.
310 911 364 961 et
401 908 600 961 umeris
641 908 970 977 dependebat
1008 927 1146 978 pone
1186 913 1398 979 tergum
1438 910 1671 963 talorum
1707 915 1781 965 te-

17 1031 22 1036 .
86 982 189 1036 nus
226 976 463 1052 pretiosa
509 982 785 1035 chlamida.
864 1001 1077 1052 quaqua
1122 987 1300 1036 tamen
1340 983 1555 1053 uisereS,
1605 985 1780 1039 colore

85 1057 238 1110 uario
262 1056 665 1109 circumnotatis
691 1057 990 1126 insignibar
1013 1058 1354 1128 animalibus3
1379 1058 1504 1111 hinc
1528 1027 1782 1114 dracones

85 1129 279 1199 Indici,
325 1130 447 1184 inde
487 1148 684 1201 grypes
721 1130 1058 1199 Hyperborei
1098 1150 1236 1202 quos
1271 1132 1326 1184 in
1367 1133 1596 1201 speciem
1635 1135 1781 1188 alitis

122 1205 331 1269 innatos
369 1208 587 1275 generat
624 1205 854 1257 mundus
895 1205 1042 1258 alter.
1105 1201 1251 1268 hanc
1252 1205 1639 1275 Olympiacam
1670 1211 1779 1261 sto-

13 1224 234 1337 ιέᾒῐιΰ
253 1279 447 1332 sacrati
508 1283 831 1348 nuncupant.
925 1283 980 1331 at
1039 1299 1200 1332 manu
1257 1281 1473 1333 dextera
1527 1282 1779 1351 gerebam

82 1353 315 1407 flammis
337 1353 574 1406 adultam
610 1353 779 1406 facem
812 1357 866 1406 et
897 1358 1058 1423 caput
1090 1355 1276 1407 decore
1302 1363 1497 1407 corona
1522 1356 1778 1426 cinxerat,

82 1427 291 1498 palmae
330 1427 582 1480 candidae
629 1428 774 1480 foliis
814 1428 869 1480 in
915 1428 1133 1480 modum
1179 1429 1449 1481 radiorum
1487 1430 1775 1498 prosisten-

83 1502 244 1555 tibus.
314 1502 392 1554 sic
429 1502 496 1554 ad
535 1502 705 1554 instar
745 1500 886 1554 Solis
926 1506 1181 1555 exornato
1222 1506 1276 1555 et
1313 1503 1369 1555 in
1411 1504 1582 1556 uicem
1615 1505 1775 1557 simu-

82 1576 215 1630 lacri
276 1576 570 1629 constituto
595 1615 597 1618 -
624 1579 840 1645 repente
902 1576 1038 1629 uelis
1099 1577 1335 1630 reductis*
1387 1577 1442 1629 in
1498 1582 1775 1647 aspectum

15 1673 62 1708 ιο
83 1649 315 1720 populus
353 1650 618 1703 haerebat.
680 1650 872 1703 exhinc
909 1651 1260 1703 festissimum
1308 1651 1573 1704 celebraui
1627 1656 1775 1705 nata-

81 1724 188 1778 lem
220 1742 491 1777 sacrorum
523 1728 578 1777 et
610 1743 800 1777 suaues
826 1724 1012 1808 epulae
1044 1728 1097 1777 et
1120 1726 1293 1778 faceta
1323 1726 1585 1778 conuiuia.
1658 1727 1772 1780 dies

32 1816 36 1818 ·
82 1799 244 1852 etiam
297 1799 488 1852 tertius
542 1799 658 1868 pari
713 1799 1152 1851 caerimoniarum
1207 1799 1315 1851 ritu
1370 1799 1666 1853 celebratus
1720 1804 1775 1853 et

80 1871 437 1926 ientaculum
441 1872 753 1942 religiosum
786 1876 839 1925 et
870 1865 1062 1926 teletae
1093 1873 1337 1944 legitima
1367 1875 1771 1927 consummatio.

78 1948 264 2019 paucis
304 1947 386 1999 de·
427 1947 499 2016 [p.
519 1947 640 1999 221.
656 1946 744 2016 E]
783 1947 910 2000 hinc
948 1947 1147 2000 ibidem
1186 1951 1544 2000 commoratus
1585 1948 1771 2002 diebus

11 2042 59 2078 ιε
80 2021 444 2091 inexplicabili
490 2021 768 2090 uoluptate
806 2021 1080 2090 (aspectu)
1123 2022 1393 2074 simulacri
1441 2021 1610 2073 diuini
1656 2041 1771 2091 per-

79 2095 319 2164 fruebar,
380 2095 816 2148 inremunerabili
879 2095 1076 2164 quippe
1130 2095 1387 2148 beneficio
1442 2095 1769 2165 pigneratus.

80 2169 174 2223 sed
211 2170 424 2222 tandem
464 2169 589 2223 deae
627 2170 858 2277 monitU,
913 2169 1038 2221 licet
1090 2187 1197 2221 non
1244 2168 1398 2237 plene
1446 2173 1625 2222 tamen
1671 2188 1769 2239 pro

79 2261 200 2296 meo
237 2243 455 2296 modulo
495 2232 799 2316 supplicue
812 2243 1000 2312 gratiis
1039 2243 1342 2311 persolutiS,
1389 2244 1596 2295 tardam
1637 2244 1768 2297 satis

18 2382 20 2385 .
81 2309 488 2371 domuitionem³
505 2317 777 2387 comparo,
815 2317 908 2369 uix
949 2317 1193 2385 equidem
1233 2317 1474 2385 abruptis
1513 2318 1768 2371 ardentis-

231 2526 258 2566 3
306 2521 643 2592 sollempnibus
691 2539 726 2579 φ
862 2527 889 2565 4
939 2521 1136 2565 sacratis
1182 2522 1347 2579 scripsi
1408 2524 1618 2566 sacratus
1665 2523 1765 2567 cdd.

81 2579 304 2684 {iniectis
330 2581 568 2640 stipatus>
598 2583 774 2626 inserui
797 2582 855 2636 cf.
875 2585 973 2624 222.
986 2585 1042 2624 25
1136 2586 1189 2624 11
1223 2580 1461 2625 chlamida
1485 2581 1520 2623 F
1552 2583 1608 2635 cf.
1628 2585 1726 2625 201.
1742 2586 1767 2625 7

161 2640 333 2697 amyda
355 2639 406 2685 E.
494 2646 548 2685 12
572 2640 894 2698 insignibatur
918 2642 947 2683 ὃ
1039 2644 1179 2683 13.14
1204 2639 1333 2684 alitis
1357 2639 1578 2696 pinnatos
1603 2641 1767 2697 scripsi

79 2698 302 2756 pinnatos
341 2698 471 2744 alitis
509 2701 668 2746 Rohde
721 2700 945 2757 pinnatae
980 2697 1109 2742 alitis
1149 2700 1248 2744 cdd.
1281 2699 1332 2743 E.
1458 2703 1511 2742 14
1552 2698 1766 2756 generati

78 2771 243 2822 nisdus
280 2772 361 2818 alt.
396 2790 431 2830 φ
465 2774 534 2831 (in
563 2789 649 2832 my.
682 2776 877 2831 generat
906 2771 1125 2830 mundus)
1248 2777 1301 2817 18
1348 2774 1623 2817 exornatum
1661 2773 1766 2830 F¹aep

20 2909 24 2916 ,
79 2864 138 2906 20
153 2859 381 2906 haerebat
402 2861 517 2907 Oud.
542 2863 599 2918 cf.
617 2867 782 2918 44.21;
809 2867 906 2905 213.
923 2865 979 2904 24
1011 2842 1179 2906 εἶπαι
1201 2861 1237 2905 F
1269 2861 1458 2906 errabat
1481 2861 1517 2904 Ε
1612 2866 1664 2905 21
1692 2874 1765 2906 sa·

19 2987 21 2990 .
81 2933 210 2964 crum
241 2919 399 2966 Rohde
521 2927 575 2966 25
608 2921 873 2981 (aspectu)
906 2922 1083 2966 inserui
