1916 3132
185 163 272 208 XX
832 161 1200 208 PRAEFATIO.

187 292 357 340 hiatus
397 291 474 338 illi
506 289 691 352 expleti
723 291 900 351 essent,
941 289 1119 337 statui:
1161 289 1309 336 duas
1343 287 1614 337 codicum
1651 286 1877 350 Apulei

190 366 417 414 classes
459 380 608 427 esse,
649 364 904 411 alteram
935 379 1100 425 uero,
1142 378 1270 426 quae
1302 363 1354 409 in
1385 362 1494 410 loco
1525 362 1768 410 lacunoso
1801 361 1875 410 la-

190 455 376 488 cunosa
407 439 487 503 sit,
528 438 823 501 originem
855 438 1074 486 ducere
1109 440 1213 485 aut
1253 453 1318 484 ex
1349 437 1388 484 F
1427 438 1564 498 post
1595 435 1879 484 amissam

191 514 539 563 schedulam
578 512 715 560 folii
751 514 877 576 160,
918 515 1021 560 aut
1054 528 1119 559 ex
1157 530 1195 574 φ
1237 513 1560 573 antequam
1592 525 1683 573 ea,
1724 525 1878 573 quae

190 589 388 637 scriba
427 587 487 634 in
519 587 786 649 exemplo
818 586 856 634 F
897 602 1008 634 non
1047 586 1399 648 inuenerat,
1431 599 1639 632 manus
1670 599 1875 632 recen-

189 662 311 711 tior
349 662 728 709 restitueret.
779 659 876 717 Qui
905 675 1027 708 uero
1060 660 1252 708 codices
1284 661 1490 707 lacunas
1521 658 1887 721 impleuerant,

191 737 270 784 illi
306 737 392 784 uel
423 728 485 798 φ2
524 735 609 782 uel
648 735 866 783 codicem
904 735 1051 782 illum
1080 749 1211 781 nunc
1251 733 1569 796 deperditum
1600 748 1660 780 ex
1689 732 1728 780 F
1761 735 1878 782 ante

192 807 547 860 lacerationem
586 809 893 872 descriptum
932 809 1039 856 siue
1078 808 1317 871 uniuersi,
1357 807 1463 855 siue
1495 807 1548 853 in
1586 807 1727 868 parte
1763 805 1878 868 qui·

194 887 306 934 dem
343 886 583 932 lacunosa
624 886 880 931 auctorem
920 883 999 930 sui
1038 882 1233 945 generis
1271 882 1470 929 habent.

307 958 450 1015 Quod
481 958 546 1005 ad
577 960 794 1006 aetatem
826 956 1132 1005 Doruilliani
1164 956 1360 1018 attinet,
1393 970 1543 1018 quem
1573 956 1688 1016 post
1707 954 1879 1002 Ruhn-

193 1033 432 1081 kehnium
472 1047 642 1080 omnes
675 1047 709 1079 s.
735 1031 859 1079 XIII
897 1031 1198 1092 tribuerunt,
1239 1029 1362 1076 mihi
1391 1045 1491 1077 non
1529 1030 1731 1076 tantum
1768 1043 1879 1076 meo

197 1108 382 1156 iudicio
423 1107 530 1154 niso
572 1106 659 1154 sed
694 1121 784 1153 uso
823 1104 1061 1167 prudenti
1093 1119 1292 1166 quoque
1325 1102 1529 1150 consilio
1569 1102 1670 1149 uiri
1701 1101 1883 1151 doctis-

197 1182 312 1230 simi
352 1181 399 1229 S.
441 1181 500 1228 de
535 1180 694 1243 VrieS,
735 1176 822 1242 qui
860 1179 912 1226 in
951 1178 1253 1226 bibliotheca
1291 1175 1764 1240 Lugduno-Bataua
1802 1191 1882 1224 co-

197 1256 328 1304 dices
360 1270 515 1302 manu
547 1254 757 1317 scriptos
797 1254 955 1315 curat,
993 1252 1163 1315 potius
1197 1267 1233 1300 S.
1258 1251 1351 1299 XV
1383 1250 1711 1312 assignandus
1743 1249 1882 1298 uide-

197 1333 296 1378 tur.
338 1328 482 1386 Quod
505 1330 565 1376 ut
590 1328 849 1376 credamus
875 1327 1053 1375 suadet
1078 1326 1280 1374 chartae
1303 1340 1635 1388 pergamenae
1659 1323 1882 1372 tenuitas

200 1412 251 1453 et
304 1418 462 1465 genus
517 1394 950 1465 ornamentorum,
1002 1400 1184 1463 quibus
1237 1399 1436 1447 litterae
1490 1398 1711 1446 initiales
1765 1400 1886 1446 sunt

201 1480 420 1527 ornatae.
489 1477 634 1539 Ipsae
674 1479 844 1524 autem
882 1475 1100 1523 initiales
1141 1474 1370 1522 caeruleo
1416 1473 1674 1536 pigmento
1718 1471 1884 1535 pictae

201 1552 424 1600 inclusae
474 1553 592 1598 sunt
636 1550 866 1613 paruulis
914 1550 1042 1597 areis
1083 1548 1365 1612 quadratis,
1403 1547 1554 1595 rubro
1594 1546 1757 1595 colore
1804 1545 1886 1594 ob-

202 1626 351 1674 tectis
400 1628 451 1673 et
497 1625 802 1672 ornamentis
850 1623 1014 1671 aureis
1060 1622 1368 1671 tenuissimis
1414 1621 1573 1669 nitide
1623 1619 1886 1669 distinctis.

205 1700 264 1748 In
304 1698 786 1760 Metamorphosibus
825 1700 997 1746 extant
1029 1697 1182 1744 etiam
1219 1696 1438 1743 initiales
1469 1710 1571 1742 una
1602 1695 1687 1742 uel
1725 1694 1888 1742 altera

208 1788 331 1822 auro
371 1773 423 1820 in
462 1787 578 1819 area
618 1772 849 1819 caerulea
888 1773 1143 1832 exaratae,
1182 1770 1234 1817 in
1271 1769 1523 1832 Apologia
1559 1784 1681 1817 uero
1717 1782 1887 1816 omnes

205 1848 396 1896 minore
437 1845 768 1908 amplitudine
800 1846 919 1892 sunt
949 1860 1038 1892 nec
1075 1860 1175 1891 non
1210 1843 1417 1891 alternis
1447 1842 1643 1890 uicibus
1682 1857 1805 1890 auro
1835 1841 1889 1889 in

208 1921 337 1970 areis
386 1920 629 1969 caeruleis
674 1920 760 1967 uel
805 1918 970 1965 rubris
1016 1917 1338 1979 conscriptae.
1408 1917 1565 1964 Porro
1616 1914 1890 1964 initialium

207 1995 357 2044 lateri
395 1994 595 2056 adpicta
634 1996 753 2041 sunt
800 1992 923 2040 folia
962 1993 1012 2039 et
1051 1991 1263 2048 fructus,
1306 2005 1432 2052 quae
1473 1991 1767 2041 ornamenta
1811 1989 1888 2036 in-

208 2070 350 2118 clusa
399 2070 518 2116 sunt
569 2068 736 2130 lineis,
788 2081 916 2129 quae
969 2065 1267 2127 quadratum
1319 2063 1599 2124 longiorem
1651 2061 1889 2111 efficiunt.

210 2141 625 2205 Comparauimus
665 2141 946 2203 complures
984 2139 1138 2186 libros
1176 2153 1327 2185 manu
1366 2136 1576 2198 scriptos
1616 2136 1680 2183 ad
1718 2151 1886 2184 saecu-

208 2217 317 2265 lum
342 2216 434 2264 XV
464 2216 786 2278 pertinentes,
819 2215 877 2262 de
903 2229 1115 2276 quorum
1140 2213 1306 2259 aetate
1331 2210 1550 2258 dubitari
1580 2226 1678 2258 non
1707 2209 1889 2272 possit:

213 2305 382 2339 omnes
423 2290 575 2337 simili
604 2289 798 2337 ratione
831 2289 972 2335 erant
1012 2286 1187 2334 ornati.
1239 2284 1483 2333 Constans
1516 2283 1667 2331 etiam
1706 2283 1890 2347 „recla-

210 2357 560 2428 mantium‘ss),
602 2363 689 2425 qui
722 2363 970 2418 dicuntur,
1008 2375 1145 2423 usus,
1178 2373 1463 2422 quanquam
1495 2373 1556 2405 ne
1583 2374 1612 2405 a
1642 2356 1888 2406 uetustio-

210 2438 350 2486 ribus
390 2437 592 2499 quidem
638 2436 775 2484 libris
813 2437 961 2498 plane
1000 2434 1192 2481 alienus
1232 2434 1328 2495 est,
1367 2434 1535 2479 tamen
1580 2430 1892 2494 frequentior

217 2514 294 2560 est
330 2511 383 2558 in
415 2510 666 2559 codicibus
699 2509 942 2572 sequioris
975 2507 1176 2556 aetatis:
1216 2506 1348 2553 idem
1378 2521 1497 2553 uero
1530 2505 1583 2552 in
1618 2504 1647 2552 ὃ
1685 2504 1890 2553 obtinet.

325 2584 619 2633 Rossbachii
666 2582 963 2631 liberalitati
1009 2583 1059 2629 et
1109 2579 1488 2628 beneuolentiae
1535 2579 1688 2626 debeo
1740 2578 1891 2626 colla-

213 2659 405 2708 tionem
451 2658 634 2706 codicis
677 2656 1084 2717 Guelpherbytani
1115 2669 1149 2714 y
1188 2649 1475 2718 (Gudianus
1517 2645 1667 2718 172),
1714 2651 1803 2714 qui
1840 2650 1893 2698 in

216 2734 446 2796 catalogo
493 2731 834 2779 Bibliothecae
875 2727 1342 2791 Guelpherbytanae
1389 2727 1588 2774 saeculo
1634 2725 1759 2773 XIII
1801 2723 1891 2772 tr-i-

216 2807 413 2855 buitur:
466 2804 619 2853 habet
671 2805 883 2852 formam
930 2804 1225 2866 quartanam
1271 2802 1322 2848 et
1375 2800 1590 2862 scriptus
1637 2801 1713 2847 est
1764 2797 1894 2846 binis

339 2964 381 3018 1)
414 2961 470 3006 cf.
495 2959 812 3004 Wattenbach
842 2958 936 3002 Das
955 2956 1281 3002 Schriftwesen
1303 2954 1369 2998 im
1384 2953 1698 2999 Mittelalter.8
1727 2967 1772 3010 p.
1792 2955 1892 2996 180.
