1916 3132
0 0 9 31 ἱ
36 0 119 31 ᾞΨ*

147 0 235 23 7-.

0 41 5 129 f
39 32 58 107 ς·

830 125 1125 175 ΟΓΔΟΟΝ
1708 121 1810 175 231

0 272 26 334 ᾗ,
107 267 338 337 τάχιστα
364 264 507 320 κατὰ
532 264 594 319 τό
620 263 762 318 ἄστυ
789 254 1217 367 διαδραμούσης)
1237 262 1330 316 ἐπὶ
1354 258 1459 330 τὴν
1483 262 1629 315 θέαν
1646 259 1813 362 ήπεί-

111 358 348 422 χθησαν.
389 349 624 420 ἄφίκετο
652 350 713 403 δὲ
741 350 835 402 καὶ
861 345 894 425 ἡ
913 347 1174 419 Ἀρσάκη,
1202 348 1295 401 καὶ
1321 343 1544 416 θεωρὸς
1564 342 1673 398 άπὸ
1700 346 1814 398 τῶν

110 456 307 506 τειχων
346 436 588 505 ἐγι’·νετο
630 431 822 520 δεινὸν
858 433 988 502 γάρ,
1028 434 1078 486 εἰ
1114 431 1185 503 μὴ
1226 432 1319 485 καὶ
1344 429 1451 500 τὴν
1473 428 1607 492 όψιν
1636 428 1814 498 ἐμφο-

111 525 311 624 ρηθείη
337 527 434 591 τῆς
461 522 538 583 εἰς
556 502 899 587 Χαρίκλειαν
926 517 1227 591 κολάσεως,
1256 519 1518 591 ἐποιεῖτο.
1570 512 1810 584 κάπειδὴ

0 612 3 614 ’
53 622 76 655 ⁶
111 605 215 676 τὴν
240 603 528 673 πυρκαιάν
553 625 626 667 ως
652 603 736 657 ὅτι
761 606 1031 672 μεγίστην
1058 605 1268 672 ἔνησαν
1295 605 1356 655 οί
1374 600 1564 671 δήμιοι
1591 599 1685 654 καὶ
1710 598 1818 670 τὴν

111 692 296 762 φλόγα
333 688 778 758 ὑποβαλλόντων
815 691 1082 757 λαμπρῶς
1120 688 1378 757 ἐξῆπτον,
1419 683 1623 756 μικρὸν
1652 685 1818 738 ἐνδο-

37 846 39 850 .
107 779 283 846 θῆναι
309 773 453 846 αὑτῇ
480 772 618 843 πρὸς
643 776 759 827 τῶν
783 772 1066 828 ἑλκόντων
1090 771 1123 842 ἡ
1153 775 1461 840 Χαρίκλεια
1495 768 1817 838 παρακαλέ-

111 874 275 930 σασα,
315 859 407 914 καὶ
446 858 520 921 ὥς
557 859 765 913 ἑκοῦσα
794 856 1119 927 ἐπιβήσεται
1144 861 1241 927 τῆς
1267 861 1452 926 πυράς
1480 857 1818 923 ἐπαγγειλα-

117 946 275 1014 μένη,
299 943 414 1008 ἐτοὶς
441 954 629 1014 χεῖρας
667 946 746 1007 εἰς
784 941 1053 1011 οὐρανόν,
1095 940 1229 996 καθ’
1261 939 1293 995 ὂ
1317 942 1484 1011 μέρος
1510 939 1818 1009 ἐπέβαλλεν

58 1027 144 1083 1οό
182 1028 340 1098 ἥλιος
375 1028 480 1098 τὴν
517 1028 739 1097 άκτῖνα,
780 1026 1150 1096 άνατείνασα,
1189 1027 1340 1096 ἥλιε,
1380 1025 1684 1095 ἀνεβόησε,
1725 1025 1820 1077 καὶ

113 1118 187 1183 γῆ
215 1113 308 1167 καὶ
349 1115 610 1183 δαίμονες
637 1115 695 1166 οἱ
728 1111 817 1166 ἐπὶ
844 1117 945 1182 γῆς
984 1133 1040 1166 τε
1078 1113 1172 1166 καὶ
1199 1110 1311 1166 ὑπὸ
1346 1116 1455 1182 γῆν
1490 1109 1819 1178 ἀνθρώπων

117 1199 405 1267 ἀθεμίτων
432 1200 635 1268 ἔφοροί
656 1218 715 1251 τε
741 1196 835 1251 καὶ
860 1201 1112 1267 τιμωροί,
1151 1196 1415 1266 καθαρὰν
1450 1198 1554 1265 μὲν
1583 1191 1734 1248 εἷναί
1752 1213 1821 1264 με

114 1287 229 1337 τῶν
269 1283 697 1352 ἐπιφερομένων
735 1279 893 1351 ὑμεῖς
944 1282 1068 1336 ἐστὲ
1115 1282 1422 1350 μάρτυρες,
1473 1281 1719 1334 ἑκοῦσαν
1757 1280 1821 1333 δὲ

113 1365 514 1436 ὑπομένουσαν
539 1365 643 1420 τὸν
667 1366 925 1420 θάνατον
952 1368 1044 1420 διὰ
1071 1353 1172 1429 τας
1198 1365 1521 1436 ἀφορήτους
1541 1368 1638 1435 τῆς
1652 1363 1822 1433 τύχης

31 1469 100 1506 ..1⁵
117 1447 494 1523 ἐπηρειάςῖἐμὲ
516 1453 620 1521 μὲν
640 1450 749 1505 σὺν
766 1450 1026 1522 εὐμενείᾳ
1043 1450 1452 1518 προσδέξασθε,
1476 1450 1579 1519 τήν
1594 1450 1624 1502 δ
1630 1450 1654 1502 ὲ
1677 1447 1821 1502 ἀλά-

115 1551 288 1601 στορα
315 1538 408 1590 καὶ
435 1535 857 1606 άθεμιτουργὸν
884 1537 977 1588 καὶ
1005 1537 1303 1606 μοιχαλίδα
1330 1537 1423 1588 καὶ
1462 1533 1551 1589 ἐπ’
1577 1534 1822 1587 άποστε-

115 1621 277 1690 ρήσει
316 1625 570 1689 νυμφίου
607 1624 709 1675 τοῦ
751 1623 890 1689 ἐμοῦ
942 1624 1119 1673 ταῦτα
1167 1622 1398 1688 δρωσαν
1433 1618 1710 1688 Ἀρσάκην
1749 1639 1824 1681 ως

116 1704 199 1758 ὅτι
225 1706 458 1773 τάχιστα
483 1706 897 1808 τιμωρήσασθε.
964 1703 1058 1757 καὶ
1098 1706 1354 1773 εἰποῦσα,
1394 1703 1625 1788 πάντων
1654 1705 1823 1772 ἐκβο-

117 1790 317 1843 ω’ντων
354 1810 405 1842 τι
443 1788 585 1859 πρὸς
621 1811 686 1843 τα
727 1789 1010 1859 εἰρημένα,
1051 1789 1144 1842 καὶ
1173 1791 1394 1858 ἐπέχειν
1419 1771 1523 1859 τὴν
1546 1791 1822 1858 τιμωρίαν

27 1895 101 1928 20
120 1876 196 1937 εἰς
234 1874 504 1940 δευτέραν
552 1877 741 1943 κρίσιν
781 1894 896 1927 των
934 1875 1039 1944 μὲν
1088 1865 1590 1945 ευτρεπιζομένων
1605 1894 1720 1927 των
1758 1874 1822 1927 δὲ

27 1992 29 1995 -
116 1959 210 2012 καὶ
238 1957 630 2028 ὁρμησάντων,
673 1960 842 2028 ἐπέβη
871 1961 1239 2027 προλαβοῦσα
1266 1963 1366 2028 τῆς
1391 1963 1593 2027 πυρᾶς,
1622 1960 1716 2011 καὶ
1745 1959 1824 2021 εἰς

27 2079 29 2084 -
113 2041 177 2097 τὸ
204 2048 538 2112 μεσαίτατον
561 2045 929 2112 ἐνιδρυθεϊσα
957 2042 1096 2112 αὐτὴ
1124 2046 1228 2113 μὲν
1252 2043 1344 2097 ἐπὶ
1374 2047 1640 2096 πλεῖστον
1674 2042 1820 2096 άπα-

115 2125 225 2198 θὴς
253 2129 516 2197 εἱστήκει,
556 2129 952 2198 περιρρέοντος
990 2126 1168 2197 αὐτὴν
1194 2130 1410 2198 μᾶλλον
1437 2131 1539 2181 τοῦ
1581 2125 1762 2196 πυρὸς
1787 2121 1823 2195 ἢ

115 2214 619 2282 προσπελάζοντος,
660 2213 753 2266 καὶ
780 2214 1197 2281 λυμαινομένου
1224 2214 1328 2282 μὲν
1367 2211 1556 2280 οὐδέν,
1596 2208 1822 2281 ὑποχω-

22 2331 27 2364 3
61 2301 356 2367 aspofivvog
394 2298 455 2350 δὲ
495 2295 626 2350 καθ’
670 2294 703 2350 δ’
738 2298 907 2366 μέρος
946 2296 1243 2367 ὁρμήσειεν
1279 2296 1312 2366 ἡ
1350 2301 1677 2366 Χαρίκλεια,
1728 2296 1823 2349 καὶ

118 2384 594 2450 περιαυγάζεσθαι
642 2383 820 2451 μόνον
871 2381 964 2434 καὶ
1023 2383 1424 2436 διοπτεύεσθαι
1481 2384 1824 2450 παρέχοντος

121 2463 680 2537 ἐπιφαιδρυνομένην
728 2469 791 2520 ἐκ
837 2471 938 2519 τοῦ
987 2468 1478 2536 περιαυγάσματος
1513 2466 1576 2527 τὸ
1615 2466 1823 2527 κάλλος

42 2609 46 2611 Δ
119 2547 212 2603 καὶ
250 2541 375 2603 οἷον
415 2550 478 2603 ἐν
505 2531 725 2620 πυρίῗω
752 2550 990 2621 θαλάμῳ
1029 2553 1486 2621 νυμφευομένην.
1549 2549 1585 2619 ἣ
1622 2550 1683 2603 δε
1720 2547 1822 2601 άλ-

121 2637 247 2687 λοτε
274 2632 426 2687 άλλω
463 2637 618 2703 μέρει
659 2639 758 2704 τῆς
791 2638 977 2702 πυρᾶς
1003 2636 1285 2704 ἐνήλλετο,
1321 2630 1692 2704 θαυμάζουσα
1718 2632 1823 2701 μὲν

25 2742 29 2756 =
64 2734 106 2770 ao
122 2714 185 2770 τὸ
210 2719 532 2787 γινόμενον,
557 2718 977 2772 ἐπισπεύδουσα
1005 2720 1066 2773 δὲ
1096 2720 1235 2790 πρὸς
1254 2719 1353 2773 τὸν
1373 2721 1644 2773 θάνατον.
1682 2715 1823 2784 ἤνυε

113 2797 184 2854 ’δὲ
209 2800 397 2869 οὐδέν,
440 2800 874 2873 ὑποχωροῦντος
899 2802 985 2857 άεὶ
1011 2809 1111 2857 τοῦ
1139 2802 1318 2871 πυρὸς
1344 2806 1436 2856 καὶ
1464 2802 1654 2869 ὥσπερ
1680 2797 1823 2852 ὑπο-

123 2887 434 2955 φεύγοντος
486 2886 628 2958 πρός
663 2888 768 2958 τὴν
797 2889 1014 2958 ἐκείνης
1053 2888 1388 2959 ἐφόρμησιν.
1455 2888 1515 2939 οἰ
1545 2884 1732 2954 δήμιοι
1759 2884 1823 2936 δὲ
