<?xml version="1.0" encoding="UTF-8"?>
<!DOCTYPE html PUBLIC "-//W3C//DTD XHTML 1.0 Transitional//EN"
    "http://www.w3.org/TR/xhtml1/DTD/xhtml1-transitional.dtd">
<html xmlns="http://www.w3.org/1999/xhtml" xml:lang="en" lang="en">
 <head>
  <title>
</title>
<meta http-equiv="Content-Type" content="text/html;charset=utf-8" />
  <meta name='ocr-system' content='tesseract 3.04.00' />
  <meta name='ocr-capabilities' content='ocr_page ocr_carea ocr_par ocr_line ocrx_word'/>
</head>
<body>
  <div class='ocr_page' id='page_1' title='image "./aethiopicorumlib00heliuoft_0425.png"; bbox 0 0 1916 3132; ppageno 0'>
   <div class='ocr_carea' id='block_1_1' title="bbox 24 0 1794 156">
    <p class='ocr_par' dir='ltr' id='par_1_1' title="bbox 24 0 1794 156">
     <span class='ocr_line' id='line_1_1' title="bbox 24 0 1660 86; baseline -0.004 -68"><span class='ocrx_word' id='word_1_1' title='bbox 24 0 405 86; x_wconf 52' lang='lat' dir='ltr'><strong>&#39;‘lmrsstofae‘</strong></span> <span class='ocrx_word' id='word_1_2' title='bbox 709 0 731 15; x_wconf 49' lang='grc' dir='ltr'><strong>«κ</strong></span> <span class='ocrx_word' id='word_1_3' title='bbox 811 0 817 7; x_wconf 86' lang='lat'><em>·</em></span> <span class='ocrx_word' id='word_1_4' title='bbox 968 0 1022 18; x_wconf 32' lang='lat' dir='ltr'><strong>v„</strong></span> <span class='ocrx_word' id='word_1_5' title='bbox 1405 0 1540 26; x_wconf 47' lang='grc' dir='ltr'><em>--Γ-</em></span> <span class='ocrx_word' id='word_1_6' title='bbox 1603 0 1660 11; x_wconf 54' lang='grc' dir='ltr'>Η</span> 
     </span>
     <span class='ocr_line' id='line_1_2' title="bbox 665 103 1794 156; baseline -0.001 -6"><span class='ocrx_word' id='word_1_7' title='bbox 665 103 793 150; x_wconf 85' lang='lat' dir='ltr'>CAP.</span> <span class='ocrx_word' id='word_1_8' title='bbox 827 103 1233 149; x_wconf 78' lang='lat' dir='ltr'>XXIIII—XXVII</span> <span class='ocrx_word' id='word_1_9' title='bbox 1722 103 1794 156; x_wconf 79' lang='grc'><strong>65</strong></span> 
     </span>
    </p>
   </div>
   <div class='ocr_carea' id='block_1_2' title="bbox 36 204 1856 2159">
    <p class='ocr_par' dir='ltr' id='par_1_2' title="bbox 36 204 1856 2159">
     <span class='ocr_line' id='line_1_3' title="bbox 100 204 1794 315; baseline -0.002 -31"><span class='ocrx_word' id='word_1_10' title='bbox 100 220 215 315; x_wconf 79' lang='lat' dir='ltr'><strong>ipse</strong></span> <span class='ocrx_word' id='word_1_11' title='bbox 243 227 535 283; x_wconf 89' lang='lat' dir='ltr'><strong>deliberaui</strong></span> <span class='ocrx_word' id='word_1_12' title='bbox 557 246 626 281; x_wconf 86' lang='lat' dir='ltr'><strong>an</strong></span> <span class='ocrx_word' id='word_1_13' title='bbox 654 227 1040 311; x_wconf 81' lang='lat' dir='ltr'><strong>nequissimam</strong></span> <span class='ocrx_word' id='word_1_14' title='bbox 1071 204 1685 296; x_wconf 80' lang='lat' dir='ltr'><strong>facinerosissimamque</strong></span> <span class='ocrx_word' id='word_1_15' title='bbox 1721 227 1794 280; x_wconf 84' lang='lat' dir='ltr'><strong>fe-</strong></span> 
     </span>
     <span class='ocr_line' id='line_1_4' title="bbox 100 300 1795 372; baseline -0.003 -14"><span class='ocrx_word' id='word_1_16' title='bbox 100 305 302 358; x_wconf 87' lang='lat' dir='ltr'><strong>minam</strong></span> <span class='ocrx_word' id='word_1_17' title='bbox 351 303 500 356; x_wconf 86' lang='lat' dir='ltr'><strong>illam</strong></span> <span class='ocrx_word' id='word_1_18' title='bbox 547 301 735 372; x_wconf 91' lang='lat' dir='ltr'><strong>spissis</strong></span> <span class='ocrx_word' id='word_1_19' title='bbox 782 301 1017 354; x_wconf 83' lang='lat' dir='ltr'><strong>calcibus</strong></span> <span class='ocrx_word' id='word_1_20' title='bbox 1055 301 1252 355; x_wconf 85' lang='lat' dir='ltr'><strong>feriens</strong></span> <span class='ocrx_word' id='word_1_21' title='bbox 1301 303 1355 354; x_wconf 88' lang='lat' dir='ltr'><strong>et</strong></span> <span class='ocrx_word' id='word_1_22' title='bbox 1391 300 1662 354; x_wconf 89' lang='lat' dir='ltr'><strong>mordicus</strong></span> <span class='ocrx_word' id='word_1_23' title='bbox 1710 301 1795 353; x_wconf 88' lang='lat' dir='ltr'><strong>ad-</strong></span> 
     </span>
     <span class='ocr_line' id='line_1_5' title="bbox 102 375 1796 448; baseline -0.003 -16"><span class='ocrx_word' id='word_1_24' title='bbox 102 382 290 448; x_wconf 89' lang='lat' dir='ltr'><strong>petens</strong></span> <span class='ocrx_word' id='word_1_25' title='bbox 314 396 500 432; x_wconf 85' lang='lat' dir='ltr'><strong>necare</strong></span> <span class='ocrx_word' id='word_1_26' title='bbox 526 376 786 430; x_wconf 87' lang='lat' dir='ltr'><strong>deberem.</strong></span> <span class='ocrx_word' id='word_1_27' title='bbox 826 376 920 428; x_wconf 89' lang='lat' dir='ltr'><strong>sed</strong></span> <span class='ocrx_word' id='word_1_28' title='bbox 944 376 1010 428; x_wconf 90' lang='lat' dir='ltr'><strong>ab</strong></span> <span class='ocrx_word' id='word_1_29' title='bbox 1043 376 1257 445; x_wconf 86' lang='lat' dir='ltr'><strong>incepto</strong></span> <span class='ocrx_word' id='word_1_30' title='bbox 1289 375 1572 428; x_wconf 90' lang='lat' dir='ltr'><strong>temerario</strong></span> <span class='ocrx_word' id='word_1_31' title='bbox 1604 375 1796 429; x_wconf 90' lang='lat' dir='ltr'><strong>melior</strong></span> 
     </span>
     <span class='ocr_line' id='line_1_6' title="bbox 103 449 1794 519; baseline -0.003 -12"><span class='ocrx_word' id='word_1_32' title='bbox 103 472 187 506; x_wconf 90' lang='lat' dir='ltr'><strong>me</strong></span> <span class='ocrx_word' id='word_1_33' title='bbox 227 452 492 506; x_wconf 87' lang='lat' dir='ltr'><strong>sententia</strong></span> <span class='ocrx_word' id='word_1_34' title='bbox 530 450 820 519; x_wconf 85' lang='lat' dir='ltr'><strong>reuocauit,</strong></span> <span class='ocrx_word' id='word_1_35' title='bbox 859 469 926 503; x_wconf 88' lang='lat' dir='ltr'><strong>ne</strong></span> <span class='ocrx_word' id='word_1_36' title='bbox 957 454 1130 503; x_wconf 91' lang='lat' dir='ltr'><strong>morte</strong></span> <span class='ocrx_word' id='word_1_37' title='bbox 1161 449 1391 503; x_wconf 87' lang='lat' dir='ltr'><strong>multata</strong></span> <span class='ocrx_word' id='word_1_38' title='bbox 1420 449 1612 503; x_wconf 88' lang='lat' dir='ltr'><strong>Fotide</strong></span> <span class='ocrx_word' id='word_1_39' title='bbox 1657 450 1794 503; x_wconf 87' lang='lat' dir='ltr'><strong>salu-</strong></span> 
     </span>
     <span class='ocr_line' id='line_1_7' title="bbox 58 492 1797 598; baseline -0.001 -18.999"><span class='ocrx_word' id='word_1_40' title='bbox 58 549 78 582; x_wconf 88' lang='lat'>5</span> <span class='ocrx_word' id='word_1_41' title='bbox 102 532 244 582; x_wconf 88' lang='lat' dir='ltr'><strong>tares</strong></span> <span class='ocrx_word' id='word_1_42' title='bbox 267 526 402 580; x_wconf 87' lang='lat' dir='ltr'><strong>mihi</strong></span> <span class='ocrx_word' id='word_1_43' title='bbox 426 492 937 596; x_wconf 57' lang='grc' dir='ltr'><strong>ευΡΡθὲίαεἺὶὶνοτευε</strong></span> <span class='ocrx_word' id='word_1_44' title='bbox 962 525 1345 598; x_wconf 73' lang='lat' dir='ltr'><strong>extinguerem</strong></span> <span class='ocrx_word' id='word_1_45' title='bbox 1387 524 1590 578; x_wconf 91' lang='lat' dir='ltr'><strong>deiecto</strong></span> <span class='ocrx_word' id='word_1_46' title='bbox 1615 524 1797 595; x_wconf 90' lang='lat' dir='ltr'><strong>itaque</strong></span> 
     </span>
     <span class='ocr_line' id='line_1_8' title="bbox 104 599 1800 672; baseline -0.002 -17"><span class='ocrx_word' id='word_1_47' title='bbox 104 605 157 655; x_wconf 89' lang='lat' dir='ltr'><strong>et</strong></span> <span class='ocrx_word' id='word_1_48' title='bbox 195 600 471 672; x_wconf 73' lang='lat' dir='ltr'><strong>quassanti</strong></span> <span class='ocrx_word' id='word_1_49' title='bbox 510 599 682 669; x_wconf 89' lang='lat' dir='ltr'><strong>capite</strong></span> <span class='ocrx_word' id='word_1_50' title='bbox 722 618 783 653; x_wconf 86' lang='lat' dir='ltr'><strong>ac</strong></span> <span class='ocrx_word' id='word_1_51' title='bbox 823 599 1149 652; x_wconf 88' lang='lat' dir='ltr'><strong>demussata·</strong></span> <span class='ocrx_word' id='word_1_52' title='bbox 1159 599 1443 669; x_wconf 89' lang='lat' dir='ltr'><strong>temporali</strong></span> <span class='ocrx_word' id='word_1_53' title='bbox 1475 599 1800 653; x_wconf 83' lang='lat' dir='ltr'><strong>contumelia</strong></span> 
     </span>
     <span class='ocr_line' id='line_1_9' title="bbox 104 674 1798 743; baseline -0.002 -14"><span class='ocrx_word' id='word_1_54' title='bbox 104 675 390 729; x_wconf 89' lang='lat' dir='ltr'><strong>durissimo</strong></span> <span class='ocrx_word' id='word_1_55' title='bbox 429 675 575 728; x_wconf 85' lang='lat' dir='ltr'><strong>casui</strong></span> <span class='ocrx_word' id='word_1_56' title='bbox 606 693 725 727; x_wconf 90' lang='lat' dir='ltr'><strong>meo</strong></span> <span class='ocrx_word' id='word_1_57' title='bbox 758 674 994 727; x_wconf 80' lang='lat' dir='ltr'><strong>serviens</strong></span> <span class='ocrx_word' id='word_1_58' title='bbox 1027 674 1094 726; x_wconf 89' lang='lat' dir='ltr'><strong>ad</strong></span> <span class='ocrx_word' id='word_1_59' title='bbox 1118 693 1315 743; x_wconf 91' lang='lat' dir='ltr'><strong>equum</strong></span> <span class='ocrx_word' id='word_1_60' title='bbox 1348 674 1502 726; x_wconf 93' lang='lat' dir='ltr'><strong>illum</strong></span> <span class='ocrx_word' id='word_1_61' title='bbox 1526 676 1798 728; x_wconf 89' lang='lat' dir='ltr'><strong>uectorem</strong></span> 
     </span>
     <span class='ocr_line' id='line_1_10' title="bbox 103 747 1798 819; baseline -0.001 -15"><span class='ocrx_word' id='word_1_62' title='bbox 103 769 282 804; x_wconf 90' lang='lat' dir='ltr'><strong>meum</strong></span> <span class='ocrx_word' id='word_1_63' title='bbox 321 749 524 819; x_wconf 89' lang='lat' dir='ltr'><strong>probis·</strong></span> <span class='ocrx_word' id='word_1_64' title='bbox 567 749 639 819; x_wconf 87' lang='lat' dir='ltr'><strong>[p.</strong></span> <span class='ocrx_word' id='word_1_65' title='bbox 665 747 751 801; x_wconf 83' lang='lat'><strong>54.</strong></span> <span class='ocrx_word' id='word_1_66' title='bbox 775 748 864 818; x_wconf 74' lang='lat' dir='ltr'><strong>E]</strong></span> <span class='ocrx_word' id='word_1_67' title='bbox 906 749 1102 801; x_wconf 91' lang='lat' dir='ltr'><strong>simum</strong></span> <span class='ocrx_word' id='word_1_68' title='bbox 1143 749 1199 800; x_wconf 94' lang='lat' dir='ltr'><strong>in</strong></span> <span class='ocrx_word' id='word_1_69' title='bbox 1239 747 1512 801; x_wconf 87' lang='lat' dir='ltr'><strong>stabulum</strong></span> <span class='ocrx_word' id='word_1_70' title='bbox 1552 749 1798 818; x_wconf 82' lang='lat' dir='ltr'><strong>conced0‚</strong></span> 
     </span>
     <span class='ocr_line' id='line_1_11' title="bbox 102 822 1856 892; baseline -0.002 -14"><span class='ocrx_word' id='word_1_71' title='bbox 102 825 196 878; x_wconf 92' lang='lat' dir='ltr'><strong>ubi</strong></span> <span class='ocrx_word' id='word_1_72' title='bbox 234 824 399 877; x_wconf 89' lang='lat' dir='ltr'><strong>alium</strong></span> <span class='ocrx_word' id='word_1_73' title='bbox 438 824 600 877; x_wconf 90' lang='lat' dir='ltr'><strong>etiam</strong></span> <span class='ocrx_word' id='word_1_74' title='bbox 630 822 850 876; x_wconf 86' lang='lat' dir='ltr'><strong>Milonis</strong></span> <span class='ocrx_word' id='word_1_75' title='bbox 883 823 1152 892; x_wconf 89' lang='lat' dir='ltr'><strong>quondam</strong></span> <span class='ocrx_word' id='word_1_76' title='bbox 1184 823 1416 892; x_wconf 90' lang='lat' dir='ltr'><strong>hospitis</strong></span> <span class='ocrx_word' id='word_1_77' title='bbox 1447 823 1554 876; x_wconf 91' lang='lat' dir='ltr'><strong>mei</strong></span> <span class='ocrx_word' id='word_1_78' title='bbox 1586 823 1798 876; x_wconf 90' lang='lat' dir='ltr'><strong>asinum</strong></span> <span class='ocrx_word' id='word_1_79' title='bbox 1853 869 1856 873; x_wconf 95' lang='lat'>.</span> 
     </span>
     <span class='ocr_line' id='line_1_12' title="bbox 36 897 1798 968; baseline -0.002 -14"><span class='ocrx_word' id='word_1_80' title='bbox 36 923 80 956; x_wconf 79' lang='grc' dir='ltr'><strong>ιο</strong></span> <span class='ocrx_word' id='word_1_81' title='bbox 104 899 462 952; x_wconf 73' lang='lat' dir='ltr'><strong>stabulantem</strong></span> <span class='ocrx_word' id='word_1_82' title='bbox 502 898 698 951; x_wconf 91' lang='lat' dir='ltr'><strong>inueni.</strong></span> <span class='ocrx_word' id='word_1_83' title='bbox 772 901 932 968; x_wconf 91' lang='lat' dir='ltr'><strong>atque</strong></span> <span class='ocrx_word' id='word_1_84' title='bbox 973 915 1072 968; x_wconf 87' lang='lat' dir='ltr'><strong>ego</strong></span> <span class='ocrx_word' id='word_1_85' title='bbox 1112 898 1282 966; x_wconf 88' lang='lat' dir='ltr'><strong>rebar,</strong></span> <span class='ocrx_word' id='word_1_86' title='bbox 1323 898 1368 950; x_wconf 90' lang='lat' dir='ltr'><strong>si</strong></span> <span class='ocrx_word' id='word_1_87' title='bbox 1408 897 1552 967; x_wconf 91' lang='lat' dir='ltr'><strong>quod</strong></span> <span class='ocrx_word' id='word_1_88' title='bbox 1598 898 1798 951; x_wconf 89' lang='lat' dir='ltr'><strong>inesset</strong></span> 
     </span>
     <span class='ocr_line' id='line_1_13' title="bbox 103 971 1799 1041; baseline -0.001 -14"><span class='ocrx_word' id='word_1_89' title='bbox 103 974 269 1027; x_wconf 90' lang='lat' dir='ltr'><strong>mutis</strong></span> <span class='ocrx_word' id='word_1_90' title='bbox 323 972 643 1026; x_wconf 88' lang='lat' dir='ltr'><strong>animalibus</strong></span> <span class='ocrx_word' id='word_1_91' title='bbox 698 973 924 1026; x_wconf 90' lang='lat' dir='ltr'><strong>tacitum</strong></span> <span class='ocrx_word' id='word_1_92' title='bbox 980 991 1040 1025; x_wconf 87' lang='lat' dir='ltr'><strong>ac</strong></span> <span class='ocrx_word' id='word_1_93' title='bbox 1094 971 1337 1024; x_wconf 88' lang='lat' dir='ltr'><strong>naturale</strong></span> <span class='ocrx_word' id='word_1_94' title='bbox 1392 976 1799 1041; x_wconf 88' lang='lat' dir='ltr'><strong>sacramentum,</strong></span> 
     </span>
     <span class='ocr_line' id='line_1_14' title="bbox 104 1047 1802 1119; baseline -0.001 -18"><span class='ocrx_word' id='word_1_95' title='bbox 104 1048 376 1119; x_wconf 87' lang='lat' dir='ltr'><strong>agnitione</strong></span> <span class='ocrx_word' id='word_1_96' title='bbox 410 1067 469 1101; x_wconf 89' lang='lat' dir='ltr'><strong>ac</strong></span> <span class='ocrx_word' id='word_1_97' title='bbox 492 1048 836 1101; x_wconf 90' lang='lat' dir='ltr'><strong>miseratione</strong></span> <span class='ocrx_word' id='word_1_98' title='bbox 861 1047 1089 1117; x_wconf 88' lang='lat' dir='ltr'><strong>quadam</strong></span> <span class='ocrx_word' id='word_1_99' title='bbox 1122 1047 1401 1099; x_wconf 90' lang='lat' dir='ltr'><strong>inductum</strong></span> <span class='ocrx_word' id='word_1_100' title='bbox 1428 1065 1623 1116; x_wconf 92' lang='lat' dir='ltr'><strong>equum</strong></span> <span class='ocrx_word' id='word_1_101' title='bbox 1648 1047 1802 1100; x_wconf 92' lang='lat' dir='ltr'><strong>illum</strong></span> 
     </span>
     <span class='ocr_line' id='line_1_15' title="bbox 103 1121 1803 1191; baseline -0.001 -16"><span class='ocrx_word' id='word_1_102' title='bbox 103 1141 282 1176; x_wconf 92' lang='lat' dir='ltr'><strong>meum</strong></span> <span class='ocrx_word' id='word_1_103' title='bbox 319 1122 617 1191; x_wconf 88' lang='lat' dir='ltr'><strong>hospitium</strong></span> <span class='ocrx_word' id='word_1_104' title='bbox 657 1141 717 1175; x_wconf 90' lang='lat' dir='ltr'><strong>ac</strong></span> <span class='ocrx_word' id='word_1_105' title='bbox 754 1121 873 1175; x_wconf 85' lang='lat' dir='ltr'><strong>loca</strong></span> <span class='ocrx_word' id='word_1_106' title='bbox 902 1121 1073 1174; x_wconf 81' lang='lat' dir='ltr'><strong>lautia</strong></span> <span class='ocrx_word' id='word_1_107' title='bbox 1103 1121 1238 1173; x_wconf 92' lang='lat' dir='ltr'><strong>mihi</strong></span> <span class='ocrx_word' id='word_1_108' title='bbox 1269 1121 1654 1190; x_wconf 87' lang='lat' dir='ltr'><strong>praebiturum.</strong></span> <span class='ocrx_word' id='word_1_109' title='bbox 1711 1122 1803 1174; x_wconf 90' lang='lat' dir='ltr'><strong>sed</strong></span> 
     </span>
     <span class='ocr_line' id='line_1_16' title="bbox 103 1195 1801 1266; baseline -0.001 -16"><span class='ocrx_word' id='word_1_110' title='bbox 103 1216 200 1266; x_wconf 91' lang='lat' dir='ltr'><strong>pro</strong></span> <span class='ocrx_word' id='word_1_111' title='bbox 239 1195 483 1266; x_wconf 89' lang='lat' dir='ltr'><strong>Iuppiter</strong></span> <span class='ocrx_word' id='word_1_112' title='bbox 521 1196 805 1266; x_wconf 87' lang='lat' dir='ltr'><strong>hospitalis</strong></span> <span class='ocrx_word' id='word_1_113' title='bbox 846 1199 900 1249; x_wconf 90' lang='lat' dir='ltr'><strong>et</strong></span> <span class='ocrx_word' id='word_1_114' title='bbox 937 1195 1090 1249; x_wconf 90' lang='lat' dir='ltr'><strong>Fidei</strong></span> <span class='ocrx_word' id='word_1_115' title='bbox 1130 1199 1335 1248; x_wconf 85' lang='lat' dir='ltr'><strong>secreta</strong></span> <span class='ocrx_word' id='word_1_116' title='bbox 1373 1196 1616 1249; x_wconf 83' lang='lat' dir='ltr'><strong>numina!</strong></span> <span class='ocrx_word' id='word_1_117' title='bbox 1655 1215 1801 1265; x_wconf 89' lang='lat' dir='ltr'><strong>prae-</strong></span> 
     </span>
     <span class='ocr_line' id='line_1_17' title="bbox 38 1270 1804 1339; baseline -0.001 -14"><span class='ocrx_word' id='word_1_118' title='bbox 38 1293 79 1325; x_wconf 86' lang='lat'><strong>15</strong></span> <span class='ocrx_word' id='word_1_119' title='bbox 104 1271 279 1325; x_wconf 92' lang='lat' dir='ltr'><strong>clarus</strong></span> <span class='ocrx_word' id='word_1_120' title='bbox 316 1271 409 1324; x_wconf 90' lang='lat' dir='ltr'><strong>ille</strong></span> <span class='ocrx_word' id='word_1_121' title='bbox 447 1274 632 1324; x_wconf 90' lang='lat' dir='ltr'><strong>uector</strong></span> <span class='ocrx_word' id='word_1_122' title='bbox 669 1290 821 1324; x_wconf 91' lang='lat' dir='ltr'><strong>meus</strong></span> <span class='ocrx_word' id='word_1_123' title='bbox 861 1289 981 1324; x_wconf 91' lang='lat' dir='ltr'><strong>cum</strong></span> <span class='ocrx_word' id='word_1_124' title='bbox 1021 1271 1171 1323; x_wconf 88' lang='lat' dir='ltr'><strong>asino</strong></span> <span class='ocrx_word' id='word_1_125' title='bbox 1212 1270 1389 1339; x_wconf 85' lang='lat' dir='ltr'><strong>capita</strong></span> <span class='ocrx_word' id='word_1_126' title='bbox 1427 1270 1710 1323; x_wconf 89' lang='lat' dir='ltr'><strong>conferunt</strong></span> <span class='ocrx_word' id='word_1_127' title='bbox 1748 1272 1804 1323; x_wconf 95' lang='lat' dir='ltr'><strong>in</strong></span> 
     </span>
     <span class='ocr_line' id='line_1_18' title="bbox 104 1346 1803 1415; baseline -0.001 -16"><span class='ocrx_word' id='word_1_128' title='bbox 104 1364 382 1415; x_wconf 87' lang='lat' dir='ltr'><strong>meamque</strong></span> <span class='ocrx_word' id='word_1_129' title='bbox 420 1346 711 1415; x_wconf 88' lang='lat' dir='ltr'><strong>perniciem</strong></span> <span class='ocrx_word' id='word_1_130' title='bbox 752 1346 876 1398; x_wconf 90' lang='lat' dir='ltr'><strong>ilico</strong></span> <span class='ocrx_word' id='word_1_131' title='bbox 917 1346 1261 1398; x_wconf 90' lang='lat' dir='ltr'><strong>consentiunt</strong></span> <span class='ocrx_word' id='word_1_132' title='bbox 1300 1348 1368 1414; x_wconf 84' lang='lat' dir='ltr'><strong>et,</strong></span> <span class='ocrx_word' id='word_1_133' title='bbox 1407 1348 1656 1398; x_wconf 89' lang='lat' dir='ltr'><strong>uerentes</strong></span> <span class='ocrx_word' id='word_1_134' title='bbox 1704 1346 1803 1398; x_wconf 90' lang='lat' dir='ltr'><strong>sci-</strong></span> 
     </span>
     <span class='ocr_line' id='line_1_19' title="bbox 104 1419 1804 1488; baseline -0.001 -15"><span class='ocrx_word' id='word_1_135' title='bbox 104 1420 230 1474; x_wconf 90' lang='lat' dir='ltr'><strong>licet</strong></span> <span class='ocrx_word' id='word_1_136' title='bbox 269 1420 484 1473; x_wconf 88' lang='lat' dir='ltr'><strong>cibariis</strong></span> <span class='ocrx_word' id='word_1_137' title='bbox 523 1420 650 1488; x_wconf 81' lang='lat' dir='ltr'><strong>suiS,</strong></span> <span class='ocrx_word' id='word_1_138' title='bbox 690 1420 783 1472; x_wconf 85' lang='lat' dir='ltr'><strong>uix</strong></span> <span class='ocrx_word' id='word_1_139' title='bbox 822 1439 906 1472; x_wconf 90' lang='lat' dir='ltr'><strong>me</strong></span> <span class='ocrx_word' id='word_1_140' title='bbox 947 1419 1224 1488; x_wconf 86' lang='lat' dir='ltr'><strong>praesepio</strong></span> <span class='ocrx_word' id='word_1_141' title='bbox 1269 1419 1451 1472; x_wconf 89' lang='lat' dir='ltr'><strong>uidere</strong></span> <span class='ocrx_word' id='word_1_142' title='bbox 1502 1419 1804 1488; x_wconf 85' lang='lat' dir='ltr'><strong>proximan-</strong></span> 
     </span>
     <span class='ocr_line' id='line_1_20' title="bbox 104 1493 1804 1564; baseline -0.001 -16"><span class='ocrx_word' id='word_1_143' title='bbox 104 1498 230 1564; x_wconf 83' lang='lat' dir='ltr'><strong>tem,</strong></span> <span class='ocrx_word' id='word_1_144' title='bbox 269 1495 487 1548; x_wconf 87' lang='lat' dir='ltr'><strong>deiectis</strong></span> <span class='ocrx_word' id='word_1_145' title='bbox 527 1495 746 1547; x_wconf 90' lang='lat' dir='ltr'><strong>auribus</strong></span> <span class='ocrx_word' id='word_1_146' title='bbox 786 1495 893 1546; x_wconf 86' lang='lat' dir='ltr'><strong>iam</strong></span> <span class='ocrx_word' id='word_1_147' title='bbox 931 1494 1170 1547; x_wconf 87' lang='lat' dir='ltr'><strong>furentes</strong></span> <span class='ocrx_word' id='word_1_148' title='bbox 1210 1493 1422 1547; x_wconf 86' lang='lat' dir='ltr'><strong>infestis</strong></span> <span class='ocrx_word' id='word_1_149' title='bbox 1455 1494 1689 1547; x_wconf 84' lang='lat' dir='ltr'><strong>calcibus</strong></span> <span class='ocrx_word' id='word_1_150' title='bbox 1728 1495 1804 1547; x_wconf 90' lang='lat' dir='ltr'><strong>in·</strong></span> 
     </span>
     <span class='ocr_line' id='line_1_21' title="bbox 105 1568 1806 1638; baseline -0.001 -16"><span class='ocrx_word' id='word_1_151' title='bbox 105 1572 381 1638; x_wconf 84' lang='lat' dir='ltr'><strong>secuntur,</strong></span> <span class='ocrx_word' id='word_1_152' title='bbox 445 1572 498 1621; x_wconf 89' lang='lat' dir='ltr'><strong>et</strong></span> <span class='ocrx_word' id='word_1_153' title='bbox 561 1568 749 1638; x_wconf 84' lang='lat' dir='ltr'><strong>abigor</strong></span> <span class='ocrx_word' id='word_1_154' title='bbox 812 1587 971 1637; x_wconf 90' lang='lat' dir='ltr'><strong>quam</strong></span> <span class='ocrx_word' id='word_1_155' title='bbox 1032 1568 1220 1637; x_wconf 92' lang='lat' dir='ltr'><strong>procul</strong></span> <span class='ocrx_word' id='word_1_156' title='bbox 1282 1568 1348 1620; x_wconf 88' lang='lat' dir='ltr'><strong>ab</strong></span> <span class='ocrx_word' id='word_1_157' title='bbox 1394 1569 1591 1622; x_wconf 78' lang='lat' dir='ltr'><strong>hordeo</strong></span> <span class='ocrx_word' id='word_1_158' title='bbox 1600 1611 1613 1637; x_wconf 86' lang='grc'>,</span> <span class='ocrx_word' id='word_1_159' title='bbox 1662 1570 1806 1638; x_wconf 90' lang='lat' dir='ltr'><strong>quod</strong></span> 
     </span>
     <span class='ocr_line' id='line_1_22' title="bbox 39 1642 1804 1713; baseline 0 -17"><span class='ocrx_word' id='word_1_160' title='bbox 39 1665 82 1697; x_wconf 81' lang='lat'><strong>20</strong></span> <span class='ocrx_word' id='word_1_161' title='bbox 106 1643 455 1712; x_wconf 90' lang='lat' dir='ltr'><strong>adposueram</strong></span> <span class='ocrx_word' id='word_1_162' title='bbox 506 1643 719 1711; x_wconf 91' lang='lat' dir='ltr'><strong>uesperi</strong></span> <span class='ocrx_word' id='word_1_163' title='bbox 766 1643 899 1695; x_wconf 92' lang='lat' dir='ltr'><strong>meis</strong></span> <span class='ocrx_word' id='word_1_164' title='bbox 946 1643 1195 1695; x_wconf 90' lang='lat' dir='ltr'><strong>manibus</strong></span> <span class='ocrx_word' id='word_1_165' title='bbox 1242 1642 1324 1695; x_wconf 93' lang='lat' dir='ltr'><strong>illi</strong></span> <span class='ocrx_word' id='word_1_166' title='bbox 1371 1643 1681 1713; x_wconf 85' lang='lat' dir='ltr'><strong>gratissimo</strong></span> <span class='ocrx_word' id='word_1_167' title='bbox 1731 1644 1804 1696; x_wconf 87' lang='lat' dir='ltr'><strong>fa-</strong></span> 
     </span>
     <span class='ocr_line' id='line_1_23' title="bbox 107 1715 1803 1786; baseline 0.001 -17"><span class='ocrx_word' id='word_1_168' title='bbox 107 1717 268 1770; x_wconf 91' lang='lat' dir='ltr'><strong>mulo.</strong></span> <span class='ocrx_word' id='word_1_169' title='bbox 338 1715 562 1770; x_wconf 87' lang='lat' dir='ltr'>XXVII.</span> <span class='ocrx_word' id='word_1_170' title='bbox 603 1718 680 1770; x_wconf 92' lang='lat' dir='ltr'><strong>sic</strong></span> <span class='ocrx_word' id='word_1_171' title='bbox 719 1717 958 1770; x_wconf 85' lang='lat' dir='ltr'><strong>adfectus</strong></span> <span class='ocrx_word' id='word_1_172' title='bbox 998 1720 1159 1786; x_wconf 88' lang='lat' dir='ltr'><strong>atque</strong></span> <span class='ocrx_word' id='word_1_173' title='bbox 1199 1717 1256 1769; x_wconf 93' lang='lat' dir='ltr'><strong>in</strong></span> <span class='ocrx_word' id='word_1_174' title='bbox 1287 1717 1632 1771; x_wconf 86' lang='lat' dir='ltr'><strong>solitudinem</strong></span> <span class='ocrx_word' id='word_1_175' title='bbox 1674 1718 1803 1771; x_wconf 91' lang='lat' dir='ltr'><strong>rele-</strong></span> 
     </span>
     <span class='ocr_line' id='line_1_24' title="bbox 107 1791 1805 1862; baseline 0.001 -18"><span class='ocrx_word' id='word_1_176' title='bbox 107 1794 265 1862; x_wconf 86' lang='lat' dir='ltr'><strong>gatus</strong></span> <span class='ocrx_word' id='word_1_177' title='bbox 305 1791 501 1862; x_wconf 82' lang='lat' dir='ltr'><strong>angulo</strong></span> <span class='ocrx_word' id='word_1_178' title='bbox 542 1791 740 1844; x_wconf 85' lang='lat' dir='ltr'><strong>stabuli</strong></span> <span class='ocrx_word' id='word_1_179' title='bbox 774 1811 1150 1844; x_wconf 88' lang='lat' dir='ltr'><strong>concesseram.</strong></span> <span class='ocrx_word' id='word_1_180' title='bbox 1214 1792 1447 1861; x_wconf 91' lang='lat' dir='ltr'><strong>dumque</strong></span> <span class='ocrx_word' id='word_1_181' title='bbox 1481 1792 1544 1845; x_wconf 88' lang='lat' dir='ltr'><strong>de</strong></span> <span class='ocrx_word' id='word_1_182' title='bbox 1577 1792 1805 1846; x_wconf 90' lang='lat' dir='ltr'><strong>insolen-</strong></span> 
     </span>
     <span class='ocr_line' id='line_1_25' title="bbox 106 1865 1803 1938; baseline 0.001 -20"><span class='ocrx_word' id='word_1_183' title='bbox 106 1866 182 1918; x_wconf 86' lang='lat' dir='ltr'><strong>tia</strong></span> <span class='ocrx_word' id='word_1_184' title='bbox 214 1865 540 1936; x_wconf 85' lang='lat' dir='ltr'><strong>collegarum</strong></span> <span class='ocrx_word' id='word_1_185' title='bbox 572 1884 813 1918; x_wconf 90' lang='lat' dir='ltr'><strong>meorum</strong></span> <span class='ocrx_word' id='word_1_186' title='bbox 845 1885 1054 1938; x_wconf 74' lang='lat' dir='ltr'><strong>mecum</strong></span> <span class='ocrx_word' id='word_1_187' title='bbox 1079 1866 1260 1936; x_wconf 84' lang='lat' dir='ltr'><strong>cogito</strong></span> <span class='ocrx_word' id='word_1_188' title='bbox 1293 1870 1453 1935; x_wconf 87' lang='lat' dir='ltr'><strong>atque</strong></span> <span class='ocrx_word' id='word_1_189' title='bbox 1486 1867 1542 1919; x_wconf 92' lang='lat' dir='ltr'><strong>in</strong></span> <span class='ocrx_word' id='word_1_190' title='bbox 1576 1867 1803 1920; x_wconf 87' lang='lat' dir='ltr'><strong>alterum</strong></span> 
     </span>
     <span class='ocr_line' id='line_1_26' title="bbox 108 1938 1802 2010; baseline 0.001 -18"><span class='ocrx_word' id='word_1_191' title='bbox 108 1940 247 1992; x_wconf 91' lang='lat' dir='ltr'><strong>diem</strong></span> <span class='ocrx_word' id='word_1_192' title='bbox 287 1940 487 1993; x_wconf 86' lang='lat' dir='ltr'><strong>auxilio</strong></span> <span class='ocrx_word' id='word_1_193' title='bbox 526 1938 961 1994; x_wconf 74' lang='lat' dir='ltr'><strong>rosario⁴Lucius</strong></span> <span class='ocrx_word' id='word_1_194' title='bbox 1002 1941 1174 1993; x_wconf 89' lang='lat' dir='ltr'><strong>denuo</strong></span> <span class='ocrx_word' id='word_1_195' title='bbox 1207 1938 1433 1994; x_wconf 82' lang='lat' dir='ltr'><strong>futurus</strong></span> <span class='ocrx_word' id='word_1_196' title='bbox 1457 1941 1581 2010; x_wconf 90' lang='lat' dir='ltr'><strong>equi</strong></span> <span class='ocrx_word' id='word_1_197' title='bbox 1612 1942 1802 2010; x_wconf 87' lang='lat' dir='ltr'><strong>perfidi</strong></span> 
     </span>
     <span class='ocr_line' id='line_1_27' title="bbox 39 2014 1805 2085; baseline 0 -17"><span class='ocrx_word' id='word_1_198' title='bbox 39 2034 83 2068; x_wconf 79' lang='lat'><strong>25</strong></span> <span class='ocrx_word' id='word_1_199' title='bbox 106 2014 399 2067; x_wconf 87' lang='lat' dir='ltr'><strong>uindictam</strong></span> <span class='ocrx_word' id='word_1_200' title='bbox 439 2015 683 2084; x_wconf 82' lang='lat' dir='ltr'><strong>meditor,</strong></span> <span class='ocrx_word' id='word_1_201' title='bbox 721 2015 950 2084; x_wconf 87' lang='lat' dir='ltr'><strong>respicio</strong></span> <span class='ocrx_word' id='word_1_202' title='bbox 989 2015 1130 2084; x_wconf 89' lang='lat' dir='ltr'><strong>pilae</strong></span> <span class='ocrx_word' id='word_1_203' title='bbox 1169 2015 1389 2085; x_wconf 76' lang='lat' dir='ltr'><strong>mediae,</strong></span> <span class='ocrx_word' id='word_1_204' title='bbox 1415 2034 1565 2084; x_wconf 50' lang='lat' dir='ltr'><strong>„quae</strong></span> <span class='ocrx_word' id='word_1_205' title='bbox 1606 2016 1805 2069; x_wconf 90' lang='lat' dir='ltr'><strong>stabuli</strong></span> 
     </span>
     <span class='ocr_line' id='line_1_28' title="bbox 104 2086 1805 2159; baseline 0.001 -18"><span class='ocrx_word' id='word_1_206' title='bbox 104 2089 283 2142; x_wconf 87' lang='lat' dir='ltr'><strong>trabes</strong></span> <span class='ocrx_word' id='word_1_207' title='bbox 323 2089 637 2158; x_wconf 85' lang='lat' dir='ltr'><strong>sustinebat,</strong></span> <span class='ocrx_word' id='word_1_208' title='bbox 678 2090 733 2141; x_wconf 91' lang='lat' dir='ltr'><strong>in</strong></span> <span class='ocrx_word' id='word_1_209' title='bbox 772 2090 891 2159; x_wconf 90' lang='lat' dir='ltr'><strong>ipso</strong></span> <span class='ocrx_word' id='word_1_210' title='bbox 930 2090 1042 2143; x_wconf 89' lang='lat' dir='ltr'><strong>fere</strong></span> <span class='ocrx_word' id='word_1_211' title='bbox 1082 2089 1384 2142; x_wconf 89' lang='lat' dir='ltr'><strong>meditullio</strong></span> <span class='ocrx_word' id='word_1_212' title='bbox 1403 2086 1638 2159; x_wconf 65' lang='lat' dir='ltr'><strong>“Eponae</strong></span> <span class='ocrx_word' id='word_1_213' title='bbox 1679 2091 1805 2143; x_wconf 85' lang='lat' dir='ltr'><strong>deae</strong></span> 
     </span>
    </p>
   </div>
   <div class='ocr_carea' id='block_1_3' title="bbox 103 2163 1911 2233">
    <p class='ocr_par' dir='ltr' id='par_1_3' title="bbox 103 2163 1911 2233">
     <span class='ocr_line' id='line_1_29' title="bbox 103 2163 1911 2233; baseline 0.001 -18"><span class='ocrx_word' id='word_1_214' title='bbox 103 2163 447 2216; x_wconf 87' lang='lat' dir='ltr'><strong>simulacrum</strong></span> <span class='ocrx_word' id='word_1_215' title='bbox 487 2163 724 2217; x_wconf 87' lang='lat' dir='ltr'><strong>residens</strong></span> <span class='ocrx_word' id='word_1_216' title='bbox 773 2164 1077 2233; x_wconf 50' lang='lat' dir='ltr'><strong>aediculae}</strong></span> <span class='ocrx_word' id='word_1_217' title='bbox 1117 2164 1260 2233; x_wconf 87' lang='lat' dir='ltr'><strong>quod</strong></span> <span class='ocrx_word' id='word_1_218' title='bbox 1299 2168 1545 2217; x_wconf 87' lang='lat' dir='ltr'><strong>accurate</strong></span> <span class='ocrx_word' id='word_1_219' title='bbox 1585 2165 1834 2218; x_wconf 64' lang='lat' dir='ltr'><strong>corollis*</strong></span> <span class='ocrx_word' id='word_1_220' title='bbox 1854 2163 1911 2205; x_wconf 40' lang='lat' dir='ltr'><strong>‘ds‘</strong></span> 
     </span>
    </p>
   </div>
   <div class='ocr_carea' id='block_1_4' title="bbox 40 2238 1804 2531">
    <p class='ocr_par' dir='ltr' id='par_1_4' title="bbox 40 2238 1804 2531">
     <span class='ocr_line' id='line_1_30' title="bbox 103 2238 1800 2309; baseline 0.001 -19"><span class='ocrx_word' id='word_1_221' title='bbox 103 2238 271 2290; x_wconf 89' lang='lat' dir='ltr'><strong>roseis</strong></span> <span class='ocrx_word' id='word_1_222' title='bbox 310 2242 362 2291; x_wconf 83' lang='lat' dir='ltr'><strong>et</strong></span> <span class='ocrx_word' id='word_1_223' title='bbox 399 2238 613 2307; x_wconf 91' lang='lat' dir='ltr'><strong>quidem</strong></span> <span class='ocrx_word' id='word_1_224' title='bbox 661 2239 964 2291; x_wconf 90' lang='lat' dir='ltr'><strong>recentibus</strong></span> <span class='ocrx_word' id='word_1_225' title='bbox 1004 2239 1180 2291; x_wconf 87' lang='lat' dir='ltr'><strong>fuerat</strong></span> <span class='ocrx_word' id='word_1_226' title='bbox 1228 2242 1489 2291; x_wconf 87' lang='lat' dir='ltr'><strong>ornatum.</strong></span> <span class='ocrx_word' id='word_1_227' title='bbox 1569 2239 1800 2309; x_wconf 91' lang='lat' dir='ltr'><strong>denique</strong></span> 
     </span>
     <span class='ocr_line' id='line_1_31' title="bbox 106 2311 1802 2382; baseline 0.002 -19"><span class='ocrx_word' id='word_1_228' title='bbox 106 2311 324 2382; x_wconf 82' lang='lat' dir='ltr'><strong>adgnito</strong></span> <span class='ocrx_word' id='word_1_229' title='bbox 350 2312 571 2364; x_wconf 89' lang='lat' dir='ltr'><strong>salutari</strong></span> <span class='ocrx_word' id='word_1_230' title='bbox 595 2313 860 2381; x_wconf 90' lang='lat' dir='ltr'><strong>praesidio</strong></span> <span class='ocrx_word' id='word_1_231' title='bbox 894 2331 1095 2382; x_wconf 88' lang='lat' dir='ltr'><strong>pronus</strong></span> <span class='ocrx_word' id='word_1_232' title='bbox 1121 2313 1250 2381; x_wconf 82' lang='lat' dir='ltr'><strong>spei,</strong></span> <span class='ocrx_word' id='word_1_233' title='bbox 1277 2317 1537 2382; x_wconf 89' lang='lat' dir='ltr'><strong>quantum</strong></span> <span class='ocrx_word' id='word_1_234' title='bbox 1565 2315 1802 2367; x_wconf 85' lang='lat' dir='ltr'><strong>extensis</strong></span> 
     </span>
     <span class='ocr_line' id='line_1_32' title="bbox 40 2385 1803 2458; baseline 0.001 -20"><span class='ocrx_word' id='word_1_235' title='bbox 40 2406 85 2438; x_wconf 79' lang='lat'><strong>30</strong></span> <span class='ocrx_word' id='word_1_236' title='bbox 107 2385 377 2454; x_wconf 89' lang='lat' dir='ltr'><strong>prioribus</strong></span> <span class='ocrx_word' id='word_1_237' title='bbox 430 2387 656 2455; x_wconf 89' lang='lat' dir='ltr'><strong>pedibus</strong></span> <span class='ocrx_word' id='word_1_238' title='bbox 711 2388 880 2439; x_wconf 87' lang='lat' dir='ltr'><strong>adniti</strong></span> <span class='ocrx_word' id='word_1_239' title='bbox 934 2391 1199 2457; x_wconf 81' lang='lat' dir='ltr'><strong>poteram,</strong></span> <span class='ocrx_word' id='word_1_240' title='bbox 1250 2388 1472 2458; x_wconf 86' lang='lat' dir='ltr'><strong>insurgo</strong></span> <span class='ocrx_word' id='word_1_241' title='bbox 1525 2388 1701 2440; x_wconf 87' lang='lat' dir='ltr'><strong>ualide</strong></span> <span class='ocrx_word' id='word_1_242' title='bbox 1750 2393 1803 2441; x_wconf 91' lang='lat' dir='ltr'><strong>et</strong></span> 
     </span>
     <span class='ocr_line' id='line_1_33' title="bbox 109 2459 1804 2531; baseline 0.002 -20"><span class='ocrx_word' id='word_1_243' title='bbox 109 2459 312 2512; x_wconf 89' lang='lat' dir='ltr'><strong>ceruice</strong></span> <span class='ocrx_word' id='word_1_244' title='bbox 365 2460 575 2528; x_wconf 84' lang='lat' dir='ltr'><strong>prolixa</strong></span> <span class='ocrx_word' id='word_1_245' title='bbox 635 2461 970 2531; x_wconf 89' lang='lat' dir='ltr'><strong>nimiumque</strong></span> <span class='ocrx_word' id='word_1_246' title='bbox 1031 2462 1292 2530; x_wconf 88' lang='lat' dir='ltr'><strong>porrectis</strong></span> <span class='ocrx_word' id='word_1_247' title='bbox 1354 2462 1539 2530; x_wconf 80' lang='lat' dir='ltr'><strong>labiis,</strong></span> <span class='ocrx_word' id='word_1_248' title='bbox 1602 2466 1804 2531; x_wconf 90' lang='lat' dir='ltr'><strong>quanto</strong></span> 
     </span>
    </p>
   </div>
   <div class='ocr_carea' id='block_1_5' title="bbox 111 2606 1811 2976">
    <p class='ocr_par' dir='ltr' id='par_1_5' title="bbox 111 2606 1806 2976">
     <span class='ocr_line' id='line_1_34' title="bbox 231 2606 1806 2692; baseline 0.003 -30"><span class='ocrx_word' id='word_1_249' title='bbox 231 2624 254 2662; x_wconf 88' lang='lat'><strong>1</strong></span> <span class='ocrx_word' id='word_1_250' title='bbox 294 2619 831 2679; x_wconf 82' lang='lat' dir='ltr'><strong>facinerosissimamque</strong></span> <span class='ocrx_word' id='word_1_251' title='bbox 870 2623 905 2666; x_wconf 88' lang='lat' dir='ltr'><strong>F</strong></span> <span class='ocrx_word' id='word_1_252' title='bbox 959 2606 1502 2692; x_wconf 84' lang='lat' dir='ltr'><strong>facinorosissimamque</strong></span> <span class='ocrx_word' id='word_1_253' title='bbox 1543 2624 1622 2678; x_wconf 81' lang='grc' dir='ltr'><strong>φδ</strong></span> <span class='ocrx_word' id='word_1_254' title='bbox 1669 2625 1737 2679; x_wconf 76' lang='lat' dir='ltr'><strong>(in</strong></span> <span class='ocrx_word' id='word_1_255' title='bbox 1778 2625 1806 2666; x_wconf 84' lang='grc' dir='ltr'><em>ὃ</em></span> 
     </span>
     <span class='ocr_line' id='line_1_35' title="bbox 111 2679 1811 2739; baseline 0.004 -18"><span class='ocrx_word' id='word_1_256' title='bbox 111 2679 258 2722; x_wconf 81' lang='lat' dir='ltr'><strong>altera</strong></span> <span class='ocrx_word' id='word_1_257' title='bbox 289 2693 315 2722; x_wconf 93' lang='lat' dir='ltr'><strong>o</strong></span> <span class='ocrx_word' id='word_1_258' title='bbox 355 2693 412 2724; x_wconf 79' lang='lat' dir='ltr'><strong>ex</strong></span> <span class='ocrx_word' id='word_1_259' title='bbox 447 2682 579 2738; x_wconf 81' lang='lat' dir='ltr'><strong>corr.)</strong></span> <span class='ocrx_word' id='word_1_260' title='bbox 620 2683 677 2736; x_wconf 83' lang='lat' dir='ltr'><strong>ef.</strong></span> <span class='ocrx_word' id='word_1_261' title='bbox 712 2686 782 2726; x_wconf 87' lang='lat'><strong>89.</strong></span> <span class='ocrx_word' id='word_1_262' title='bbox 801 2687 857 2726; x_wconf 83' lang='lat'><strong>28</strong></span> <span class='ocrx_word' id='word_1_263' title='bbox 1009 2687 1034 2726; x_wconf 83' lang='grc' dir='ltr'>ὅ</span> <span class='ocrx_word' id='word_1_264' title='bbox 1066 2696 1255 2739; x_wconf 85' lang='lat' dir='ltr'><strong>prorsus</strong></span> <span class='ocrx_word' id='word_1_265' title='bbox 1287 2684 1453 2739; x_wconf 78' lang='lat' dir='ltr'><strong>scripsi</strong></span> <span class='ocrx_word' id='word_1_266' title='bbox 1506 2697 1663 2727; x_wconf 86' lang='lat' dir='ltr'><strong>rursus</strong></span> <span class='ocrx_word' id='word_1_267' title='bbox 1705 2683 1811 2727; x_wconf 83' lang='lat' dir='ltr'><strong>cdd.</strong></span> 
     </span>
     <span class='ocr_line' id='line_1_36' title="bbox 115 2736 1806 2798; baseline 0.003 -19"><span class='ocrx_word' id='word_1_268' title='bbox 115 2741 169 2780; x_wconf 88' lang='lat'><strong>13</strong></span> <span class='ocrx_word' id='word_1_269' title='bbox 216 2736 368 2782; x_wconf 86' lang='lat' dir='ltr'><strong>lautia</strong></span> <span class='ocrx_word' id='word_1_270' title='bbox 412 2741 576 2797; x_wconf 75' lang='lat' dir='ltr'><strong>scripsi</strong></span> <span class='ocrx_word' id='word_1_271' title='bbox 620 2742 678 2796; x_wconf 81' lang='lat' dir='ltr'><strong>cf.</strong></span> <span class='ocrx_word' id='word_1_272' title='bbox 717 2746 895 2786; x_wconf 86' lang='lat'>161.14</span> <span class='ocrx_word' id='word_1_273' title='bbox 942 2743 998 2796; x_wconf 81' lang='lat' dir='ltr'><strong>cf.</strong></span> <span class='ocrx_word' id='word_1_274' title='bbox 1033 2742 1161 2786; x_wconf 78' lang='lat' dir='ltr'><strong>Neue</strong></span> <span class='ocrx_word' id='word_1_275' title='bbox 1192 2742 1248 2787; x_wconf 81' lang='lat'><strong>1².</strong></span> <span class='ocrx_word' id='word_1_276' title='bbox 1289 2747 1399 2798; x_wconf 85' lang='lat'>468,</span> <span class='ocrx_word' id='word_1_277' title='bbox 1457 2742 1570 2786; x_wconf 76' lang='lat' dir='ltr'><strong>Koz.</strong></span> <span class='ocrx_word' id='word_1_278' title='bbox 1614 2742 1703 2786; x_wconf 78' lang='lat' dir='ltr'><strong>Stil</strong></span> <span class='ocrx_word' id='word_1_279' title='bbox 1751 2746 1806 2786; x_wconf 77' lang='grc'><strong>62</strong></span> 
     </span>
     <span class='ocr_line' id='line_1_37' title="bbox 113 2796 1805 2857; baseline 0.003 -18"><span class='ocrx_word' id='word_1_280' title='bbox 113 2796 247 2840; x_wconf 87' lang='lat' dir='ltr'><strong>lauta</strong></span> <span class='ocrx_word' id='word_1_281' title='bbox 287 2798 386 2842; x_wconf 81' lang='lat' dir='ltr'><strong>edd.</strong></span> <span class='ocrx_word' id='word_1_282' title='bbox 418 2798 493 2843; x_wconf 86' lang='grc' dir='ltr'><strong>Ε.</strong></span> <span class='ocrx_word' id='word_1_283' title='bbox 517 2798 668 2857; x_wconf 88' lang='lat' dir='ltr'><strong>(lanta</strong></span> <span class='ocrx_word' id='word_1_284' title='bbox 700 2801 745 2857; x_wconf 82' lang='grc' dir='ltr'><strong>ὃ)</strong></span> <span class='ocrx_word' id='word_1_285' title='bbox 901 2805 954 2844; x_wconf 86' lang='grc'>18</span> <span class='ocrx_word' id='word_1_286' title='bbox 994 2801 1181 2846; x_wconf 88' lang='lat' dir='ltr'><strong>reiectis</strong></span> <span class='ocrx_word' id='word_1_287' title='bbox 1226 2801 1341 2847; x_wconf 80' lang='lat' dir='ltr'><strong>Oud.</strong></span> <span class='ocrx_word' id='word_1_288' title='bbox 1497 2806 1549 2844; x_wconf 87' lang='lat'><strong>19</strong></span> <span class='ocrx_word' id='word_1_289' title='bbox 1596 2801 1738 2845; x_wconf 90' lang='lat' dir='ltr'><strong>ordeo</strong></span> <span class='ocrx_word' id='word_1_290' title='bbox 1770 2801 1805 2844; x_wconf 79' lang='lat' dir='ltr'>F</span> 
     </span>
     <span class='ocr_line' id='line_1_38' title="bbox 115 2855 1805 2917; baseline 0.004 -19"><span class='ocrx_word' id='word_1_291' title='bbox 115 2860 171 2899; x_wconf 82' lang='lat'><strong>25</strong></span> <span class='ocrx_word' id='word_1_292' title='bbox 218 2855 375 2901; x_wconf 87' lang='lat' dir='ltr'><strong>inedie</strong></span> <span class='ocrx_word' id='word_1_293' title='bbox 415 2867 454 2911; x_wconf 83' lang='grc' dir='ltr'>φ</span> <span class='ocrx_word' id='word_1_294' title='bbox 501 2860 629 2914; x_wconf 78' lang='lat' dir='ltr'><strong>(corr.</strong></span> <span class='ocrx_word' id='word_1_295' title='bbox 663 2875 719 2904; x_wconf 88' lang='lat' dir='ltr'><strong>m</strong></span> <span class='ocrx_word' id='word_1_296' title='bbox 752 2862 888 2905; x_wconf 81' lang='lat' dir='ltr'><strong>ualde</strong></span> <span class='ocrx_word' id='word_1_297' title='bbox 926 2861 1030 2917; x_wconf 85' lang='lat' dir='ltr'><strong>ree.)</strong></span> <span class='ocrx_word' id='word_1_298' title='bbox 1181 2865 1237 2905; x_wconf 82' lang='lat'><strong>28</strong></span> <span class='ocrx_word' id='word_1_299' title='bbox 1286 2863 1334 2905; x_wconf 91' lang='lat' dir='ltr'><strong>et</strong></span> <span class='ocrx_word' id='word_1_300' title='bbox 1380 2859 1572 2915; x_wconf 89' lang='lat' dir='ltr'><strong>quidem</strong></span> <span class='ocrx_word' id='word_1_301' title='bbox 1623 2860 1805 2905; x_wconf 79' lang='lat' dir='ltr'><strong>Gruter</strong></span> 
     </span>
     <span class='ocr_line' id='line_1_39' title="bbox 114 2914 1803 2976; baseline 0.004 -19"><span class='ocrx_word' id='word_1_302' title='bbox 114 2914 334 2971; x_wconf 87' lang='lat' dir='ltr'><strong>equidem</strong></span> <span class='ocrx_word' id='word_1_303' title='bbox 350 2917 448 2961; x_wconf 79' lang='lat' dir='ltr'><strong>cdd.</strong></span> <span class='ocrx_word' id='word_1_304' title='bbox 467 2918 524 2972; x_wconf 76' lang='lat' dir='ltr'><strong>cf.</strong></span> <span class='ocrx_word' id='word_1_305' title='bbox 535 2922 603 2962; x_wconf 83' lang='grc'><strong>56.</strong></span> <span class='ocrx_word' id='word_1_306' title='bbox 616 2925 640 2962; x_wconf 82' lang='lat'>5</span> <span class='ocrx_word' id='word_1_307' title='bbox 717 2924 771 2962; x_wconf 82' lang='lat'><strong>29</strong></span> <span class='ocrx_word' id='word_1_308' title='bbox 791 2919 987 2976; x_wconf 83' lang='lat' dir='ltr'><strong>adgnito</strong></span> <span class='ocrx_word' id='word_1_309' title='bbox 1005 2919 1040 2962; x_wconf 81' lang='lat' dir='ltr'><strong>F</strong></span> <span class='ocrx_word' id='word_1_310' title='bbox 1118 2924 1171 2963; x_wconf 62' lang='lat'><strong>⁹31</strong></span> <span class='ocrx_word' id='word_1_311' title='bbox 1188 2919 1329 2964; x_wconf 87' lang='lat' dir='ltr'><strong>labus</strong></span> <span class='ocrx_word' id='word_1_312' title='bbox 1350 2919 1384 2962; x_wconf 86' lang='lat' dir='ltr'><strong>F</strong></span> <span class='ocrx_word' id='word_1_313' title='bbox 1410 2918 1531 2963; x_wconf 83' lang='lat' dir='ltr'><strong>labis</strong></span> <span class='ocrx_word' id='word_1_314' title='bbox 1549 2919 1599 2963; x_wconf 90' lang='lat' dir='ltr'><strong>E</strong></span> <span class='ocrx_word' id='word_1_315' title='bbox 1627 2921 1683 2975; x_wconf 78' lang='lat' dir='ltr'><strong>cf.</strong></span> <span class='ocrx_word' id='word_1_316' title='bbox 1697 2924 1803 2964; x_wconf 84' lang='grc'><strong>56.1</strong></span> 
     </span>
    </p>
   </div>
   <div class='ocr_carea' id='block_1_6' title="bbox 207 2998 1497 3089">
    <p class='ocr_par' dir='ltr' id='par_1_6' title="bbox 207 2998 1497 3089">
     <span class='ocr_line' id='line_1_40' title="bbox 207 2998 1452 3035; baseline 0.003 -5"><span class='ocrx_word' id='word_1_317' title='bbox 207 2998 365 3031; x_wconf 71' lang='lat' dir='ltr'><strong>Apvxm</strong></span> <span class='ocrx_word' id='word_1_318' title='bbox 392 3007 546 3034; x_wconf 69' lang='lat' dir='ltr'><strong>nerm.</strong></span> <span class='ocrx_word' id='word_1_319' title='bbox 572 3000 628 3032; x_wconf 85' lang='lat' dir='ltr'><strong>ed.</strong></span> <span class='ocrx_word' id='word_1_320' title='bbox 658 3002 786 3035; x_wconf 81' lang='lat' dir='ltr'><strong>Vliet</strong></span> <span class='ocrx_word' id='word_1_321' title='bbox 1427 2999 1452 3034; x_wconf 78' lang='grc' dir='ltr'><strong>ἴ)</strong></span> 
     </span>
     <span class='ocr_line' id='line_1_41' title="bbox 1465 3063 1497 3089; baseline 0 0"><span class='ocrx_word' id='word_1_322' title='bbox 1465 3063 1497 3089; x_wconf 60' lang='grc' dir='ltr'><strong>ο</strong></span> 
     </span>
    </p>
   </div>
  </div>
 </body>
</html>
