1916 3132
794 125 1094 174 ΠΡΩΤΟΝ
1728 123 1792 175 15

96 267 238 336 ρίας,
265 259 302 333 ἢ
328 265 420 317 καὶ
449 259 683 331 εὐγενὴς
709 257 853 314 εἶναι
881 260 1181 330 φάσκουσα
1209 262 1302 314 καὶ
1330 261 1485 333 νόμῳ
1521 261 1621 315 τὸν
1660 278 1798 316 συν-

95 350 363 404 οικοῦντα
389 349 614 416 ἔχουσα,
654 344 747 399 καὶ
772 346 1029 400 θάνατον
1057 346 1118 400 τό
1143 347 1302 410 τέλος
1327 349 1428 400 τοῦ
1467 348 1800 416 παρανομή-

93 452 263 504 ματος
286 432 666 501 γινοόσκουσα,
707 435 991 500 μοιχᾶται;
1034 435 1198 499 παῦε,
1239 434 1409 501 ἔφην·
1449 429 1518 485 οὐ
1557 429 1666 499 γάρ
1697 434 1798 500 ἔχω

94 532 184 572 σοι
222 516 524 570 πιστεύειν.
590 517 681 568 καὶ
708 507 851 586 μήν,
893 521 949 570 εἴ
970 531 1059 569 σοι
1087 517 1321 586 δόξειεν,
1365 516 1454 571 ἐπ’
1484 515 1799 589 αὐτοφώρῳ

45 625 67 659 15
93 602 414 671 παραδώσω
445 602 546 657 τὸν
580 601 792 670 μοιχόν.
850 603 900 655 εἰ
923 601 1030 670 γαρ
1059 602 1206 655 οὕτω
1233 605 1596 672 βουληθείης,
1637 605 1797 672 ἔφην.

92 688 187 741 καὶ
234 685 346 757 μὴν
392 687 748 756 βουλήσομαί
790 706 882 754 γε,
934 685 1304 755 ἀπεκρίνατο,
1355 687 1459 739 σοῦ
1506 707 1565 740 τε
1604 686 1799 740 ἕνεκεν

92 769 238 825 οὕτω
278 770 418 842 πρὸς
455 771 628 841 αὐτῆς
664 774 1163 842 περιυβρισμένου,
1204 770 1296 824 καὶ
1335 774 1578 840 ἐμαυτῆς
1606 772 1665 824 δὲ
1694 769 1798 825 οὐκ

93 859 342 924 ἔλαττον,
381 853 418 927 ἢ
454 856 647 927 πάσχω
685 854 751 909 τὰ
791 859 1022 926 ἔσχατα,
1066 855 1163 925 ἐφ’
1192 856 1426 926 ἑκάστης
1459 859 1800 926 ζηλοτυπίαν

92 945 334 1012 ματαίαν
374 942 591 1012 ἐκείνης
620 940 709 996 ἐπ’
741 942 836 1010 ἐμὲ
862 942 1270 1012 γυμναζούσης.
1321 940 1451 995 ἀλλ’
1481 936 1631 1006 ὅπως
1657 940 1799 1011 ἀνὴρ

27 1038 66 1085 10
95 1024 202 1115 ἔσῃ(
234 1020 595 1105 καταλαβιόιβ
652 1039 681 1098 s
707 1059 732 1091 s
766 1026 845 1081 sl*
872 1024 963 1077 sſs:
982 1044 1011 1108 ᾗ
1035 1054 1056 1076 ι
1078 1056 1086 1074 ι
1110 1048 1158 1086 ’Δ
1177 1022 1236 1071 asts

202 1110 321 1165 ἐπεὶ
361 1112 421 1166 δὲ
462 1110 639 1174 οὕτως
676 1110 821 1176 ἕξειν
859 1109 1206 1182 ὑπεσχόμην,
1248 1114 1375 1167 τότε
1411 1113 1516 1180 μὲν
1552 1111 1796 1165 ἀπιοῦσα
1824 1115 1885 1167 12

95 1191 283 1268 ᾤχετο,
323 1201 480 1266 τρίτῃ
520 1197 581 1248 δὲ
619 1194 862 1264 ὕστερον
901 1196 1061 1250 νυκτὶ
1105 1197 1466 1251 καθεύδοντά
1504 1217 1572 1267 με
1613 1198 1798 1262 ἐξανί-

94 1295 275 1350 στησι,
317 1282 410 1334 καὶ
447 1279 547 1334 τὸν
585 1279 783 1351 μοιχὸν
818 1283 986 1335 ἔνδον
1021 1278 1162 1335 εἶναι
1191 1281 1524 1351 κατεμήνυε,
1566 1281 1664 1336 τὸν
1691 1301 1796 1335 πα-

94 1366 226 1432 τέρα
275 1366 380 1433 μὲν
428 1367 504 1427 είς
553 1363 731 1435 ἀγρὸν
771 1367 1065 1435 αἰφνιδίου
1104 1366 1256 1430 τινὸς
1295 1371 1480 1437 χρείας
1519 1366 1801 1435 καλούσης

23 1469 64 1504 15
93 1454 483 1519 πεπορεῦσθαι
512 1451 774 1518 λέγουσα,
814 1449 913 1503 τὸν
950 1452 1028 1520 δέ,
1069 1450 1215 1505 οὕτω
1244 1455 1618 1520 συγκείμενον
1646 1450 1800 1522 αὐτῷ

95 1530 236 1604 πρὸς
263 1532 366 1604 τὴν
381 1535 760 1605 Δημαινέτην,
787 1531 910 1602 ἄρτι
927 1537 1450 1605 παρεισδεδυκέναι.
1492 1537 1800 1605 προσήκειν

96 1620 156 1672 δὲ
197 1617 289 1672 καὶ
328 1618 470 1687 πρὸς
517 1617 1203 1690 ἄμυνανγεύτρεπίζεσθαι
1242 1623 1334 1674 καὶ
1374 1620 1583 1690 ξιφήρη
1623 1631 1800 1675 ποιεϊ-
1868 1626 1901 1663 )‘

96 1710 232 1758 σθαι
278 1701 384 1774 τὴν
433 1705 642 1772 ἔφοδον
697 1708 801 1758 τοῦ
856 1703 928 1774 μὴ
990 1707 1291 1775 διαδρᾶναι
1348 1705 1448 1760 τὸν
1503 1704 1798 1775 ὑβριστήν.

98 1787 332 1842 ἐποίουν
381 1786 586 1858 οὕτως,
638 1787 731 1841 καὶ
781 1788 973 1859 λαβών
1021 1792 1387 1860 ἐγχειρίδιον,
1445 1795 1542 1861 τῆς
1592 1794 1801 1860 Θίσβης

26 1893 68 1928 20
100 1869 414 1944 ἡγουμένης
451 1875 544 1927 καὶ
583 1875 758 1944 δᾷδας
795 1876 1218 1945 προαπτούσης,
1272 1877 1363 1931 ἐπὶ
1402 1876 1499 1930 τὸν
1540 1880 1801 1946 θάλαμον

96 1955 239 2028 ᾔειν.
294 1956 410 2011 ἐπεὶ
451 1959 511 2013 δὲ
553 1957 809 2027 ἐπέστην,
851 1960 1063 2029 λύχνου
1101 1962 1163 2014 τέ
1196 1982 1347 2025 τινος
1385 1963 1627 2016 ἔνδοθεν
1654 1959 1797 2030 αὐγή

98 2043 441 2111 διεξέπιπτε,
482 2044 575 2096 καὶ
614 2042 711 2106 τοὶς
749 2043 934 2113 θύρας
974 2045 1348 2114 ἐπικειμένας,
1398 2044 1472 2109 ὠς
1516 2045 1683 2115 ὀργῆς
1723 2043 1801 2100 εἷ-

95 2147 215 2196 χον,
258 2128 513 2196 ἐρραγεὶς
539 2126 767 2196 ἄνοίγω.
818 2131 909 2182 καὶ
939 2131 1273 2198 εἰσδραμών,
1316 2135 1427 2185 ποῦ
1455 2131 1587 2185 ποτὲ
1616 2131 1643 2184 ὁ
1672 2130 1800 2184 ἀλι-

96 2210 303 2281 τήριος,
336 2211 534 2280 ἐβόων,
570 2211 598 2265 ὁ
631 2212 880 2281 λαμπρὸς
901 2218 997 2283 τῆς
1017 2215 1198 2268 πάντα
1220 2217 1630 2286 σωφρονούσης
1653 2218 1800 2286 ἐρώ-

28 2318 70 2352 25
101 2315 298 2366 μενος;
342 2297 434 2349 καὶ
472 2295 584 2366 ἅμα
624 2299 802 2366 λέγων
843 2298 1035 2370 ἐπῄειν
1073 2297 1147 2363 ὥς
1186 2298 1349 2370 ἄμφω
1389 2303 1799 2371 διαχειρισόμε-

97 2399 211 2443 νος.
290 2381 352 2434 ἐκ
393 2382 454 2434 δὲ
492 2386 588 2452 τῆς
627 2381 796 2452 εὐνῆς
835 2379 862 2435 ὁ
902 2386 1112 2453 πατήρ,
1154 2378 1198 2438 ὦ
1238 2388 1390 2453 θεοί,
1441 2388 1800 2456 περιτραπεὶς

99 2468 436 2534 προσπίπτει
461 2486 571 2536 μου
607 2477 721 2530 τοῖς
747 2469 967 2536 γόνασι,
1006 2470 1099 2522 καὶ
1135 2460 1178 2522 ὦ
1204 2470 1423 2537 τέκνον,
1462 2470 1682 2540 ἐπίσχες
1709 2492 1798 2540 μι-

99 2550 258 2618 κρόν,
308 2552 525 2619 ἔλεγεν·
577 2556 858 2620 οἴκτειρον
895 2551 994 2606 τὸν
1032 2555 1410 2624 γεννήσαντα·
1465 2565 1656 2625 φεῖσαι
1695 2575 1798 2609 πο-

100 2637 241 2687 λιῶν
279 2635 340 2686 αἴ
374 2650 436 2688 σε
477 2633 825 2705 ἀνέθρεψαν.
902 2635 1215 2707 ὑβρίσαμέν
1256 2654 1337 2707 σε,
1378 2637 1503 2692 ἀλλ’
1536 2639 1603 2693 οὐ
1642 2642 1800 2708 μέχρι

31 2721 360 2790 εοθανάτου
395 2723 737 2790 τιμωρητέοι.
814 2720 887 2791 μὴ
926 2725 1091 2791 γίνου
1130 2728 1228 2791 τῆς
1268 2724 1439 2794 ὀργῆς
1478 2723 1619 2789 ὅλος,
1660 2723 1798 2791 μηδὲ

103 2801 262 2874 φόνῳ
300 2804 536 2874 πατρῴῳ
574 2814 762 2874 χεῖρας
798 2807 1000 2876 μιάνῃς
1026 2805 1121 2868 τὰς
1148 2809 1265 2872 σας.
1320 2807 1351 2860 ὂ
1375 2810 1478 2878 μὲν
1505 2812 1679 2859 ταῦτα
1707 2807 1799 2858 καὶ

101 2886 263 2955 ἕτερα
300 2886 440 2957 πρὸς
476 2888 692 2952 τούτοις
732 2890 988 2954 ἐλεεινοῖς
1028 2892 1294 2960 ἱκέτευεν,
1352 2891 1460 2960 ἐγώ
1509 2892 1570 2943 δὲ
1609 2888 1799 2957 ὥσπερ
