1916 3132
0 2186 9 2277 --ην7
0 2137 4 2144 .

0 2289 15 2511 ’ψ’-’μην-

1067 395 1233 462 LUlGl
1265 390 1391 455 VON
1425 377 1680 458 KUNJTS,

1306 481 1617 558 Pittsburegb,
1649 476 1729 538 Pa.

639 665 702 726 P
715 663 918 726 ΒΑΕ
929 664 1169 726 FATI
1182 664 1260 727 O.

211 878 320 926 Iam
359 877 551 926 dudum
595 877 697 927 uiri
736 877 894 937 docti,
934 893 1034 940 quo
1083 876 1282 939 plenius
1323 878 1374 924 et
1413 875 1701 925 accuratius
1740 875 1801 924 de

106 955 254 1002 textu
283 952 754 1014 Metamorphoseon
786 951 1111 1014 iudicaretur,
1150 966 1335 999 nouam
1367 948 1690 999 collationem
1721 950 1803 999 de-

106 1027 393 1076 siderarunt
424 1027 608 1075 codicis
639 1026 933 1086 Florentini,
968 1026 1055 1088 qui
1086 1025 1340 1073 indicatur
1370 1025 1546 1074 littera
1577 1044 1631 1087 φ.
1676 1024 1805 1073 Erat

110 1101 243 1150 enim
281 1101 629 1165 manifestum,
667 1101 801 1148 hunc
845 1100 1056 1161 librum,
1097 1102 1370 1162 antequam
1417 1100 1702 1163 exemplum
1741 1098 1803 1147 ab

109 1176 270 1224 altero
310 1175 511 1239 quidem
552 1178 829 1224 correctore
868 1174 1196 1224 immutatum
1233 1176 1367 1222 esset
1404 1190 1494 1223 nec
1532 1190 1632 1222 non
1664 1175 1803 1222 ante-

107 1266 261 1314 quam
299 1250 462 1298 multa
500 1253 726 1313 tempore
768 1252 819 1297 et
856 1265 956 1297 usu
987 1248 1204 1297 euanida
1237 1264 1267 1295 a
1297 1249 1598 1311 rescriptore
1639 1250 1807 1296 essent

105 1324 191 1373 uel
235 1325 455 1387 repetita
501 1324 586 1372 uel
630 1324 957 1387 interpolata,
1007 1339 1067 1371 ex
1114 1322 1303 1385 optimo
1353 1325 1403 1371 et
1453 1322 1804 1386 antiquissimo

104 1400 238 1454 teste
284 1391 374 1466 (F)
422 1398 730 1461 descriptum
785 1398 1048 1460 permultis
1099 1396 1223 1446 locis
1277 1397 1522 1445 sinceram
1577 1411 1805 1445 seruasse

109 1473 428 1535 scripturam.
498 1473 776 1535 Postquam
816 1471 1240 1535 Eyssenhardtius
1280 1472 1500 1520 codicem
1539 1471 1579 1519 F
1619 1472 1804 1535 „plene

108 1543 369 1609 contulit“‚
417 1547 634 1594 alterum
680 1562 801 1594 uero
849 1546 1068 1595 codicem
1114 1545 1290 1594 multis
1339 1546 1463 1595 locis
1511 1541 1806 1610 „inspexit“,

109 1621 341 1685 equidem
387 1621 640 1669 inuersam
685 1621 933 1669 rationem
980 1623 1184 1669 secutus
1225 1620 1447 1669 codicem
1483 1620 1523 1668 F
1570 1620 1806 1683 plurimis

106 1696 161 1744 in
199 1695 323 1744 locis
363 1695 577 1758 contuli,
624 1713 662 1755 φ
702 1697 879 1743 contra
915 1695 1063 1758 plene
1104 1695 1311 1743 excussi.
1369 1694 1423 1744 Si
1463 1710 1585 1758 qua,
1632 1697 1693 1743 ut
1731 1694 1805 1758 fit,

107 1772 287 1833 postea
332 1769 763 1818 subnascebantur
808 1769 983 1833 dubia,
1029 1769 1284 1832 professor
1320 1769 1647 1818 Florentinus
1686 1768 1805 1818 Hie-

107 1859 348 1908 ronymus
369 1838 625 1906 vitemus,
657 1843 738 1891 uir
761 1860 861 1892 non
892 1844 1056 1908 magis
1088 1850 1295 1907 propter
1321 1843 1616 1908 doctrinam,
1650 1859 1801 1907 quam

106 1920 316 1982 propter
358 1917 762 1966 beneuolentiam
810 1918 1176 1981 praedicandus
1222 1933 1314 1966 nec
1360 1935 1460 1967 non
1507 1918 1614 1966 eius
1654 1918 1803 1966 disci·
1848 1956 1851 1957 γ

105 1993 260 2056 pulus
298 2009 348 2042 u.
387 1992 433 2042 d.
473 1992 534 2041 N.
576 1993 728 2041 Testa
766 1992 819 2040 in
856 2009 1027 2041 meum
1064 2008 1213 2041 usum
1259 1995 1536 2056 utrumque
1577 1992 1801 2041 codicem

109 2066 274 2115 denuo
314 2067 654 2129 inspexerunt.

219 2140 497 2190 Notissima
551 2143 629 2189 est
672 2140 829 2189 Keilii
876 2141 1148 2204 sententia,
1196 2157 1365 2190 omnes
1412 2142 1630 2203 codiceS,
1679 2156 1804 2205 quos

110 2215 312 2279 quidem
342 2214 394 2262 in
426 2214 579 2263 Italia.
609 2215 836 2280 uidisset,
876 2231 936 2264 ex
965 2215 1006 2263 F
1039 2231 1146 2264 esse
1187 2216 1444 2265 deductos,
1501 2215 1804 2280 Quanquam

110 2304 306 2352 semper
351 2289 552 2351 speraui
598 2289 722 2343 fore,
746 2291 806 2337 ut
852 2290 1123 2353 aliquando
1163 2291 1374 2339 alterius
1414 2291 1678 2339 cuiusdam
1726 2305 1802 2338 re-

111 2362 356 2412 censionis
401 2363 682 2412 inuenirem
728 2363 970 2428 uestigia,
1012 2364 1350 2413 confitendum
1390 2366 1468 2414 est
1522 2365 1684 2413 adhuc
1724 2380 1805 2412 me

111 2437 165 2485 in
210 2436 335 2500 illis,
383 2452 510 2500 quae
557 2437 683 2485 mihi
729 2437 789 2485 de
837 2438 1090 2487 codicibus
1128 2438 1428 2502 Apuleianis
1477 2438 1804 2501 innotuerint,

111 2527 212 2560 non
249 2511 541 2572 repperisse,
580 2527 670 2560 cur
707 2512 767 2559 de
805 2512 993 2575 placito
1033 2512 1264 2562 Keiliano
1305 2513 1623 2562 discederem.

215 2584 639 2647 Eyssenhardtius
660 2586 907 2634 librorum
925 2587 1331 2636 Florentinorum
1362 2588 1616 2650 lectioneS,
1642 2601 1799 2649 quan-

114 2674 266 2722 quam
297 2659 592 2722 complures,
621 2659 763 2708 libris
795 2676 896 2709 non
926 2660 1179 2725 inspectis,
1219 2678 1362 2711 secus
1393 2660 1636 2724 suspicati
1667 2661 1801 2720 sunt,

115 2733 315 2782 omnino
366 2732 489 2780 satis
536 2733 805 2797 diligenter
855 2736 1279 2798 repraesentauit:
1335 2735 1580 2785 nonnulla
1632 2735 1804 2781 tamen

94 2806 301 2870 omisit,
331 2805 383 2852 in
416 2806 530 2854 aliis
555 2808 760 2872 errauit,
790 2808 844 2856 in
874 2824 929 2857 re
962 2809 1137 2857 critica
1167 2826 1330 2873 neque
1362 2811 1437 2858 ita
1467 2809 1688 2856 multum
1718 2821 1803 2853 ne-

34 2880 37 2882 ’
114 2896 213 2944 que
252 2880 375 2928 satis
413 2880 628 2930 feliciter
666 2885 743 2930 est
771 2885 1028 2947 uersatus,
1067 2884 1295 2932 uirorum
1334 2884 1597 2932 doctorum
1637 2879 1807 2928 studia

115 2955 222 3003 fere
259 2969 464 3017 prorsus
502 2955 739 3019 neglexit.
